
  
  
  
  
  
  
 
  
  <record xsi:schemaLocation="http://www.loc.gov/MARC21/slim http://www.loc.gov/standards/marcxml/schema/MARC21slim.xsd">
      <leader>00000cam  2200685 a 4500</leader>
      <controlfield tag="FMT">BK</controlfield>
      <controlfield tag="LDR">00000cam  2200685 a 4500</controlfield>
      <controlfield tag="001">001887845</controlfield>
      <controlfield tag="003">OCoLC</controlfield>
      <controlfield tag="005">20140908112831.0</controlfield>
      <controlfield tag="008">840301s1983    cc a          000 0 chir</controlfield>
      <datafield tag="010" ind1=" " ind2=" ">
         <subfield code="a">84127043</subfield>
      </datafield>
      <datafield tag="035" ind1=" " ind2=" ">
         <subfield code="a">(OCoLC)14411533</subfield>
         <subfield code="z">(OCoLC)23314455</subfield>
         <subfield code="z">(OCoLC)41045928</subfield>
      </datafield>
      <datafield tag="040" ind1=" " ind2=" ">
         <subfield code="a">DLC</subfield>
         <subfield code="b">eng</subfield>
         <subfield code="c">DLC</subfield>
         <subfield code="d">OCL</subfield>
         <subfield code="d">OCLCQ</subfield>
         <subfield code="d">CUY</subfield>
         <subfield code="d">OCLCO</subfield>
         <subfield code="d">OCLCQ</subfield>
      </datafield>
      <datafield tag="041" ind1="0" ind2=" ">
         <subfield code="a">chieng</subfield>
      </datafield>
      <datafield tag="043" ind1=" " ind2=" ">
         <subfield code="a">a-cc-sh</subfield>
      </datafield>
      <datafield tag="050" ind1=" " ind2="4">
         <subfield code="a">ND2849.S75</subfield>
         <subfield code="b">F6 1983</subfield>
      </datafield>
      <datafield tag="066" ind1=" " ind2=" ">
         <subfield code="c">$1</subfield>
      </datafield>
      <datafield tag="082" ind1="0" ind2="4">
         <subfield code="a">751.7/3/095117</subfield>
         <subfield code="2">19</subfield>
      </datafield>
      <datafield tag="245" ind1="0" ind2="0">
         <subfield code="6">880-01</subfield>
         <subfield code="a">Fo guang si he Da yun yuan Tang Wu dai bi hua /</subfield>
         <subfield code="c">Shanxi sheng gu jian zhu bao hu yan jiu suo bian.</subfield>
      </datafield>
      <datafield tag="246" ind1="3" ind2=" ">
         <subfield code="a">Tang Dynasty murals in Fo Guang Si, Five Dynasties frescoes, Da Yun Yuan</subfield>
      </datafield>
      <datafield tag="250" ind1=" " ind2=" ">
         <subfield code="6">880-02</subfield>
         <subfield code="a">Di 1 ban.</subfield>
      </datafield>
      <datafield tag="260" ind1=" " ind2=" ">
         <subfield code="6">880-03</subfield>
         <subfield code="a">Beijing :</subfield>
         <subfield code="b">Wen wu chu ban she :</subfield>
         <subfield code="b">Xin hua shu dian Beijing fa xing suo fa xing,</subfield>
         <subfield code="c">1983.</subfield>
      </datafield>
      <datafield tag="300" ind1=" " ind2=" ">
         <subfield code="a">26 unnumbered pages :</subfield>
         <subfield code="b">chiefly color illustrations ;</subfield>
         <subfield code="c">27 cm</subfield>
      </datafield>
      <datafield tag="336" ind1=" " ind2=" ">
         <subfield code="a">text</subfield>
         <subfield code="b">txt</subfield>
         <subfield code="2">rdacontent</subfield>
      </datafield>
      <datafield tag="337" ind1=" " ind2=" ">
         <subfield code="a">unmediated</subfield>
         <subfield code="b">n</subfield>
         <subfield code="2">rdamedia</subfield>
      </datafield>
      <datafield tag="338" ind1=" " ind2=" ">
         <subfield code="a">volume</subfield>
         <subfield code="b">nc</subfield>
         <subfield code="2">rdacarrier</subfield>
      </datafield>
      <datafield tag="500" ind1=" " ind2=" ">
         <subfield code="a">Chinese and English.</subfield>
      </datafield>
      <datafield tag="500" ind1=" " ind2=" ">
         <subfield code="a">Cover title also in English: Tang Dynasty murals in Fo Guang Si, Five Dynasties frescoes, Da Yun Yuan.</subfield>
      </datafield>
      <datafield tag="650" ind1=" " ind2="0">
         <subfield code="a">Mural painting and decoration, Chinese</subfield>
         <subfield code="z">China</subfield>
         <subfield code="z">W u-tʻai hsien.</subfield>
      </datafield>
      <datafield tag="650" ind1=" " ind2="0">
         <subfield code="a">Mural painting and decoration, Chinese</subfield>
         <subfield code="z">China</subfield>
         <subfield code="z">Pingshun Xian.</subfield>
      </datafield>
      <datafield tag="650" ind1=" " ind2="0">
         <subfield code="a">Mural painting and decoration, Chinese</subfield>
         <subfield code="y">Tang-Five dynasties, 618-960.</subfield>
      </datafield>
      <datafield tag="610" ind1="2" ind2="0">
         <subfield code="a">Fo guang si (Wutai Xian, China)</subfield>
         <subfield code="6">880-04</subfield>
      </datafield>
      <datafield tag="610" ind1="2" ind2="0">
         <subfield code="a">Da yun yuan (Pingshun Xian, China)</subfield>
         <subfield code="6">880-05</subfield>
      </datafield>
      <datafield tag="710" ind1="2" ind2=" ">
         <subfield code="a">Shanxi Sheng gu jian zhu bao hu yan jiu suo</subfield>
         <subfield code="6">880-06</subfield>
      </datafield>
      <datafield tag="740" ind1="0" ind2=" ">
         <subfield code="6">880-07</subfield>
         <subfield code="a">Da yun yuan.</subfield>
      </datafield>
      <datafield tag="880" ind1="0" ind2="0">
         <subfield code="6">245-01/</subfield>
         <subfield code="a">佛光寺和大云院唐五代壁画 /</subfield>
         <subfield code="c">山西省古建筑保护研究所编.</subfield>
      </datafield>
      <datafield tag="880" ind1=" " ind2=" ">
         <subfield code="6">250-02/</subfield>
         <subfield code="a">第1版.</subfield>
      </datafield>
      <datafield tag="880" ind1=" " ind2=" ">
         <subfield code="6">260-03/</subfield>
         <subfield code="a">北京 :</subfield>
         <subfield code="b">文物出版社 :</subfield>
         <subfield code="b">新华书店北京发行所发行,</subfield>
         <subfield code="c">1983.</subfield>
      </datafield>
      <datafield tag="880" ind1="2" ind2="4">
         <subfield code="6">610-04/</subfield>
         <subfield code="a">佛光寺 (Wutai xian, China)</subfield>
      </datafield>
      <datafield tag="880" ind1="2" ind2="4">
         <subfield code="6">610-05/</subfield>
         <subfield code="a">大云院 (Pingshun xian, China)</subfield>
      </datafield>
      <datafield tag="880" ind1="2" ind2=" ">
         <subfield code="6">710-06/</subfield>
         <subfield code="a">山西省古建筑保护研究所.</subfield>
      </datafield>
      <datafield tag="880" ind1="0" ind2=" ">
         <subfield code="6">740-07/</subfield>
         <subfield code="a">大云院.</subfield>
      </datafield>
      <datafield tag="OWN" ind1=" " ind2=" ">
         <subfield code="a">GENERAL</subfield>
      </datafield>
      <datafield tag="987" ind1=" " ind2=" ">
         <subfield code="a">PINYIN</subfield>
         <subfield code="b">CStRLIN</subfield>
         <subfield code="c">20010108</subfield>
         <subfield code="d">r</subfield>
         <subfield code="e">1.0</subfield>
         <subfield code="f">See fields: 500(2),740(1)</subfield>
      </datafield>
      <datafield tag="950" ind1=" " ind2=" ">
         <subfield code="l">IFAO</subfield>
         <subfield code="h">08/06/1990 C</subfield>
      </datafield>
      <datafield tag="955" ind1=" " ind2=" ">
         <subfield code="l">IFAO</subfield>
         <subfield code="c">1</subfield>
         <subfield code="i">08/06/90 C</subfield>
      </datafield>
      <datafield tag="998" ind1=" " ind2=" ">
         <subfield code="a">08/06/90</subfield>
         <subfield code="t">c</subfield>
         <subfield code="s">9110</subfield>
         <subfield code="n">NNU</subfield>
         <subfield code="w">NJPX87B1763</subfield>
         <subfield code="d">01/08/01</subfield>
         <subfield code="b">DAS</subfield>
         <subfield code="i">900806</subfield>
         <subfield code="l">NYUG</subfield>
      </datafield>
      <datafield tag="AVA" ind1=" " ind2=" ">
         <subfield code="a">NYU50</subfield>
         <subfield code="b">NIFA</subfield>
         <subfield code="c">Asian</subfield>
         <subfield code="d">ND2849.W8 F6 1983 Non-Circulating</subfield>
         <subfield code="e">available</subfield>
         <subfield code="t">Available</subfield>
         <subfield code="f">1</subfield>
         <subfield code="g">0</subfield>
         <subfield code="h">N</subfield>
         <subfield code="i">0</subfield>
         <subfield code="j">ASIAN</subfield>
         <subfield code="k">0</subfield>
      </datafield>
      <datafield tag="AVA" ind1=" " ind2=" ">
         <subfield code="a">NYU50</subfield>
         <subfield code="b">NISAW</subfield>
         <subfield code="c">Small Collection</subfield>
         <subfield code="d">ND2849.S75 F6 1983</subfield>
         <subfield code="e">available</subfield>
         <subfield code="t">Available</subfield>
         <subfield code="f">1</subfield>
         <subfield code="g">0</subfield>
         <subfield code="h">N</subfield>
         <subfield code="i">0</subfield>
         <subfield code="j">SMALL</subfield>
         <subfield code="k">0</subfield>
      </datafield>
      <marc:datafield tag="852" ind1=" " ind2=" ">
         <marc:subfield code="b">Institute for the Study of the Ancient World, </marc:subfield>
         <marc:subfield code="c">Small Collection</marc:subfield>
         <marc:subfield code="e">15 East 84th St., </marc:subfield>
         <marc:subfield code="e">New York, NY  10028</marc:subfield>
      </marc:datafield>
   </record>