
  
  
  
  
  
 
  
  <record xsi:schemaLocation="http://www.loc.gov/MARC21/slim http://www.loc.gov/standards/marcxml/schema/MARC21slim.xsd">
      <leader>00000cam  22006494a 4500</leader>
      <controlfield tag="FMT">BK</controlfield>
      <controlfield tag="LDR">00000cam  22006494a 4500</controlfield>
      <controlfield tag="001">004033558</controlfield>
      <controlfield tag="003">OCoLC</controlfield>
      <controlfield tag="005">20140908141118.0</controlfield>
      <controlfield tag="008">140908s2001    cc ab         000 0 chi d</controlfield>
      <datafield tag="010" ind1=" " ind2=" ">
         <subfield code="a">2002434747</subfield>
      </datafield>
      <datafield tag="020" ind1=" " ind2=" ">
         <subfield code="a">7501012644</subfield>
      </datafield>
      <datafield tag="020" ind1=" " ind2=" ">
         <subfield code="a">9787501012640</subfield>
      </datafield>
      <datafield tag="035" ind1=" " ind2=" ">
         <subfield code="a">(OCoLC)70147421</subfield>
      </datafield>
      <datafield tag="040" ind1=" " ind2=" ">
         <subfield code="a">DFG</subfield>
         <subfield code="b">eng</subfield>
         <subfield code="c">SM7</subfield>
         <subfield code="d">DLC</subfield>
         <subfield code="d">CALIS</subfield>
         <subfield code="d">OCLCF</subfield>
         <subfield code="d">ZYU</subfield>
         <subfield code="d">NNU</subfield>
      </datafield>
      <datafield tag="042" ind1=" " ind2=" ">
         <subfield code="a">lccopycat</subfield>
      </datafield>
      <datafield tag="043" ind1=" " ind2=" ">
         <subfield code="a">a-cc-ka</subfield>
      </datafield>
      <datafield tag="050" ind1="0" ind2="0">
         <subfield code="a">DS797.28.S58</subfield>
         <subfield code="b">Y84 2001</subfield>
      </datafield>
      <datafield tag="066" ind1=" " ind2=" ">
         <subfield code="c">$1</subfield>
      </datafield>
      <datafield tag="100" ind1="1" ind2=" ">
         <subfield code="a">Yue, Banghu</subfield>
         <subfield code="6">880-01</subfield>
      </datafield>
      <datafield tag="245" ind1="1" ind2="0">
         <subfield code="6">880-02</subfield>
         <subfield code="a">Shule He liu yu Han dai Chang Cheng kao cha bao gao /</subfield>
         <subfield code="c">Gansu Sheng wen wu ju bian ; Yue Banghu, Zhong Shengzu zhu.</subfield>
      </datafield>
      <datafield tag="250" ind1=" " ind2=" ">
         <subfield code="6">880-03</subfield>
         <subfield code="a">Di 1 ban.</subfield>
      </datafield>
      <datafield tag="260" ind1=" " ind2=" ">
         <subfield code="6">880-04</subfield>
         <subfield code="a">Beijing :</subfield>
         <subfield code="b">Wen wu chu ban she,</subfield>
         <subfield code="c">2001.</subfield>
      </datafield>
      <datafield tag="300" ind1=" " ind2=" ">
         <subfield code="a">245 p. :</subfield>
         <subfield code="b">ill. (some col.), folded maps ;</subfield>
         <subfield code="c">27 cm.</subfield>
      </datafield>
      <datafield tag="520" ind1=" " ind2=" ">
         <subfield code="6">880-05</subfield>
         <subfield code="a">Ben shu shi Gansu Sheng wen wu bu men de you guan ren yuan, li shi si nian, kao cha Changcheng 500 duo gong li, sui han 228 zuo, zhang cheng 45 zuo, gu cheng yi zhi 32 zuo. Zhe shi wei yi yi ci dui Shule He liu yu Han dai Changcheng de quan cheng kao cha, shu zhong shou lu le xu duo zhen gui de li shi zhao pian. Zhu yao nei rong bao kuo: di li huan jing, Changcheng zuo xiang ji xian zhuang; diao cha gong zuo de hui gu; Dunhuang jing nei Han dai Changcheng fen sui zong shu; Anxi jing nei Han dai Changcheng feng sui deng.</subfield>
      </datafield>
      <datafield tag="651" ind1=" " ind2="0">
         <subfield code="a">Shule River Valley (China)</subfield>
         <subfield code="x">Antiquities.</subfield>
      </datafield>
      <datafield tag="650" ind1=" " ind2="0">
         <subfield code="a">Excavations (Archaeology)</subfield>
         <subfield code="z">China</subfield>
         <subfield code="z">Shule River Valley.</subfield>
      </datafield>
      <datafield tag="651" ind1=" " ind2="0">
         <subfield code="a">Great Wall of China (China)</subfield>
      </datafield>
      <datafield tag="651" ind1=" " ind2="7">
         <subfield code="a">Chang cheng</subfield>
         <subfield code="z">Gan su sheng</subfield>
         <subfield code="y">Han dai</subfield>
         <subfield code="v">Kao cha bao gao.</subfield>
         <subfield code="2">cct</subfield>
      </datafield>
      <datafield tag="651" ind1=" " ind2="7">
         <subfield code="6">880-06</subfield>
         <subfield code="a">Chang cheng</subfield>
         <subfield code="z">Gan su sheng</subfield>
         <subfield code="y">Han dai</subfield>
         <subfield code="v">Kao cha bao gao.</subfield>
         <subfield code="2">cct</subfield>
      </datafield>
      <datafield tag="650" ind1=" " ind2="7">
         <subfield code="a">Antiquities.</subfield>
         <subfield code="2">fast</subfield>
         <subfield code="0">(OCoLC)fst00810745</subfield>
      </datafield>
      <datafield tag="650" ind1=" " ind2="7">
         <subfield code="a">Excavations (Archaeology)</subfield>
         <subfield code="2">fast</subfield>
         <subfield code="0">(OCoLC)fst00917564</subfield>
      </datafield>
      <datafield tag="651" ind1=" " ind2="7">
         <subfield code="a">China</subfield>
         <subfield code="z">Great Wall of China.</subfield>
         <subfield code="2">fast</subfield>
         <subfield code="0">(OCoLC)fst01759610</subfield>
      </datafield>
      <datafield tag="651" ind1=" " ind2="7">
         <subfield code="a">China</subfield>
         <subfield code="z">Shule River Valley.</subfield>
         <subfield code="2">fast</subfield>
         <subfield code="0">(OCoLC)fst01277005</subfield>
      </datafield>
      <datafield tag="700" ind1="1" ind2=" ">
         <subfield code="a">Zhong, Shengzu</subfield>
         <subfield code="6">880-07</subfield>
      </datafield>
      <datafield tag="710" ind1="1" ind2=" ">
         <subfield code="a">Gansu Sheng (China).</subfield>
         <subfield code="b">Wen wu ju</subfield>
         <subfield code="6">880-08</subfield>
      </datafield>
      <datafield tag="880" ind1="1" ind2=" ">
         <subfield code="6">100-01/</subfield>
         <subfield code="a">岳邦湖.</subfield>
      </datafield>
      <datafield tag="880" ind1="0" ind2="0">
         <subfield code="6">245-02/</subfield>
         <subfield code="a">疏勒河流域汉代长城考察报告 /</subfield>
         <subfield code="c">甘肃省文物局编 ; 岳邦湖, 钟圣祖著.</subfield>
      </datafield>
      <datafield tag="880" ind1="3" ind2="0">
         <subfield code="6">246-00/</subfield>
         <subfield code="a">汉代长城考察报告</subfield>
      </datafield>
      <datafield tag="880" ind1=" " ind2=" ">
         <subfield code="6">250-03/</subfield>
         <subfield code="a">第1版.</subfield>
      </datafield>
      <datafield tag="880" ind1=" " ind2=" ">
         <subfield code="6">260-04/</subfield>
         <subfield code="a">北京:</subfield>
         <subfield code="b">文物出版社,</subfield>
         <subfield code="c">2001.</subfield>
      </datafield>
      <datafield tag="880" ind1=" " ind2=" ">
         <subfield code="6">520-05/</subfield>
         <subfield code="a">本书是甘肃省文物部门的有关人员, 历时四年, 考察长城500多公里, 隧涵228座, �城45座, 古城遗址32座. 这是惟一一次对疏勒河流域汉代长城的全程考察, 书中收录了许多珍贵的历史照片. 主要内容包括:地理环境, 长城走向及现状; 调查工作的回顾; 敦煌境内汉代长城烽燧综述; 安西境内汉代长城烽燧等.</subfield>
      </datafield>
      <datafield tag="880" ind1=" " ind2="7">
         <subfield code="6">651-06/</subfield>
         <subfield code="a">长城</subfield>
         <subfield code="z">甘肃省</subfield>
         <subfield code="y">汉代</subfield>
         <subfield code="v">考察报告.</subfield>
         <subfield code="2">cct</subfield>
      </datafield>
      <datafield tag="880" ind1="1" ind2=" ">
         <subfield code="6">700-07/</subfield>
         <subfield code="a">钟圣祖.</subfield>
      </datafield>
      <datafield tag="880" ind1="1" ind2=" ">
         <subfield code="6">710-08/</subfield>
         <subfield code="a">甘肃省 (China).</subfield>
         <subfield code="b">文物局.</subfield>
      </datafield>
      <datafield tag="994" ind1=" " ind2=" ">
         <subfield code="a">Z0</subfield>
         <subfield code="b">ZYU</subfield>
      </datafield>
      <datafield tag="OWN" ind1=" " ind2=" ">
         <subfield code="a">GENERAL</subfield>
      </datafield>
      <datafield tag="AVA" ind1=" " ind2=" ">
         <subfield code="a">NYU50</subfield>
         <subfield code="b">NISAW</subfield>
         <subfield code="c">Small Collection</subfield>
         <subfield code="d">DS797.28.S58 Y84 2001</subfield>
         <subfield code="e">available</subfield>
         <subfield code="t">Available</subfield>
         <subfield code="f">1</subfield>
         <subfield code="g">0</subfield>
         <subfield code="h">N</subfield>
         <subfield code="i">0</subfield>
         <subfield code="j">SMALL</subfield>
         <subfield code="k">0</subfield>
      </datafield>
      <marc:datafield tag="852" ind1=" " ind2=" ">
         <marc:subfield code="b">Institute for the Study of the Ancient World, </marc:subfield>
         <marc:subfield code="c">Small Collection</marc:subfield>
         <marc:subfield code="e">15 East 84th St., </marc:subfield>
         <marc:subfield code="e">New York, NY  10028</marc:subfield>
      </marc:datafield>
   </record>