
  
  
  
  
  
 
  
  <record xsi:schemaLocation="http://www.loc.gov/MARC21/slim http://www.loc.gov/standards/marcxml/schema/MARC21slim.xsd">
      <leader>00000cam  22003975i 4500</leader>
      <controlfield tag="FMT">BK</controlfield>
      <controlfield tag="LDR">00000cam  22003975i 4500</controlfield>
      <controlfield tag="001">004034085</controlfield>
      <controlfield tag="003">OCoLC</controlfield>
      <controlfield tag="005">20140910095505.0</controlfield>
      <controlfield tag="008">140910s1954    cc abf        000 0 chi d</controlfield>
      <datafield tag="035" ind1=" " ind2=" ">
         <subfield code="a">(OCoLC)35112122</subfield>
      </datafield>
      <datafield tag="040" ind1=" " ind2=" ">
         <subfield code="a">HFL</subfield>
         <subfield code="b">eng</subfield>
         <subfield code="c">HFL</subfield>
         <subfield code="d">OCLCG</subfield>
         <subfield code="d">OCLCQ</subfield>
         <subfield code="d">ZYU</subfield>
         <subfield code="d">NNU</subfield>
      </datafield>
      <datafield tag="050" ind1=" " ind2="4">
         <subfield code="a">DS797.84.T858</subfield>
         <subfield code="b">T74 1988</subfield>
      </datafield>
      <datafield tag="066" ind1=" " ind2=" ">
         <subfield code="c">$1</subfield>
      </datafield>
      <datafield tag="100" ind1="1" ind2=" ">
         <subfield code="a">Huang, Wenbi,</subfield>
         <subfield code="d">1893-1966</subfield>
         <subfield code="6">880-01</subfield>
      </datafield>
      <datafield tag="245" ind1="1" ind2="0">
         <subfield code="6">880-02</subfield>
         <subfield code="a">Tulufan kao gu ji =</subfield>
         <subfield code="b">An archaeological report on Tʻu-lu-fan /</subfield>
         <subfield code="c">Huang Wenbi ; edited by Chung-kuo kʻo hsüeh yüan kʻao ku yen chiu so.</subfield>
      </datafield>
      <datafield tag="260" ind1=" " ind2=" ">
         <subfield code="6">880-03</subfield>
         <subfield code="a">[Beijing] :</subfield>
         <subfield code="b">Ke xue chu ban she,</subfield>
         <subfield code="c">1954.</subfield>
      </datafield>
      <datafield tag="300" ind1=" " ind2=" ">
         <subfield code="a">3, 9, 70 p., 123 p. of plates :</subfield>
         <subfield code="b">ill. (some col.), maps ;</subfield>
         <subfield code="c">26 cm.</subfield>
      </datafield>
      <datafield tag="490" ind1="1" ind2=" ">
         <subfield code="6">880-04</subfield>
         <subfield code="a">Kao gu xue zhuan kan ding zhong ;</subfield>
         <subfield code="v">ti wu hao</subfield>
      </datafield>
      <datafield tag="520" ind1=" " ind2=" ">
         <subfield code="6">880-05</subfield>
         <subfield code="a">Minguo shi qi nian he shi jiu nian, Xi bei ke xue kao cha tuan liang ci kao cha xi bei, zai Tulufan Diqu jing xine le kao gu fa jue, ci shu shi can jia zhe suo zhen xie de kao cha bao gao. Fen san bu fen: yi shi ji shu Tulufan kao cha jing guo, qi zhong dui Tulufan DiQu de gu cheng zhi, jiu si miao, mu zang qun deng dou you shuo ming, bing fu you lu xian tu he gu cheng tu, ke gong liao jie ci di gu dai wen hua yi cun de gai mao; er shi yi wu shuo ming, di dui kao chao suo de de gu wen shu, hui hua deng wen wu jing xine zhen shi he kao ding; san shi yi wu tu ban, ke yu yi wu shuo ming xiang dui zhao. Qi zhong gu wen shu san shi yu jian, duo wei gong yuan 7 shi ji hou ban qi ji Tang chao tong zhi Xizhou shi qi de yi wu, ru jiao na di zu, hu ji, jun tun, su song die zhuang deng, dui yan jiu Xiazhou de she hui jing ji hen you jia zhi.</subfield>
      </datafield>
      <datafield tag="651" ind1=" " ind2="0">
         <subfield code="a">China</subfield>
         <subfield code="x">History</subfield>
         <subfield code="y">Tang-Five dynasties, 618-960.</subfield>
      </datafield>
      <datafield tag="651" ind1=" " ind2="0">
         <subfield code="a">Turpan Diqu (China)</subfield>
         <subfield code="6">880-06</subfield>
         <subfield code="x">Antiquities.</subfield>
      </datafield>
      <datafield tag="710" ind1="2" ind2=" ">
         <subfield code="6">880-07</subfield>
         <subfield code="a">Zhongguo ke xue yuan.</subfield>
         <subfield code="b">Kao gu yan jiu suo.</subfield>
      </datafield>
      <datafield tag="880" ind1="1" ind2=" ">
         <subfield code="6">100-01/</subfield>
         <subfield code="a">黄文弼,</subfield>
         <subfield code="d">1893-1966.</subfield>
      </datafield>
      <datafield tag="880" ind1="1" ind2="0">
         <subfield code="6">245-02/</subfield>
         <subfield code="a">吐魯番考古記 =</subfield>
         <subfield code="b">An archaeological report on Tʻu-lu-fan /</subfield>
         <subfield code="c">黄文弼 ; edited by 中國科学院考古研究所.</subfield>
      </datafield>
      <datafield tag="880" ind1=" " ind2=" ">
         <subfield code="6">260-03/</subfield>
         <subfield code="a">[北京] :</subfield>
         <subfield code="b">科学出版社,</subfield>
         <subfield code="c">1954.</subfield>
      </datafield>
      <datafield tag="880" ind1="1" ind2=" ">
         <subfield code="6">490-04/</subfield>
         <subfield code="a">考古学專刊丁種 ;</subfield>
         <subfield code="v">第五號</subfield>
      </datafield>
      <datafield tag="880" ind1=" " ind2=" ">
         <subfield code="6">520-05/</subfield>
         <subfield code="a">民国十七年和十九年，西北科学考察团两次考察西北，在吐鲁番地区地行考古发掘，此书实参加者所撰写的考察报告。分三部分：一是记述吐鲁番考察经过，其中对吐鲁番地区的古城址、旧寺庙、墓葬群等都有详细说明，并附有路线图和古城图，可供了解此地古代文化遗存的概貌；二是遗物说明，即对考察所得的古文书、绘画等文物进行诊释和考订；三是遗物图版，可与遗物说明相对照。其中古文书有三十余件，多为公元7世纪后半期及8世纪唐朝统治西州时期的遗物，如缴纳地租、戶籍、军屯、诉讼牒状等，对研究西州的社会经济很有价值。</subfield>
      </datafield>
      <datafield tag="880" ind1=" " ind2="4">
         <subfield code="6">651-06/</subfield>
         <subfield code="a">吐鲁番地区 (China)</subfield>
         <subfield code="x">Antiquities.</subfield>
      </datafield>
      <datafield tag="880" ind1="2" ind2=" ">
         <subfield code="6">710-07/</subfield>
         <subfield code="a">中國科学院.</subfield>
         <subfield code="b">考古研究所.</subfield>
      </datafield>
      <datafield tag="830" ind1=" " ind2="0">
         <subfield code="6">880-08</subfield>
         <subfield code="a">Kao gu xue zhuan kan</subfield>
         <subfield code="n">ding zhong ;</subfield>
         <subfield code="v">di 5 hao</subfield>
      </datafield>
      <datafield tag="880" ind1=" " ind2="0">
         <subfield code="6">830-08/</subfield>
         <subfield code="a">考古学專刊</subfield>
         <subfield code="n">丁種 ;</subfield>
         <subfield code="v">第五號.</subfield>
      </datafield>
      <datafield tag="994" ind1=" " ind2=" ">
         <subfield code="a">Z0</subfield>
         <subfield code="b">ZYU</subfield>
      </datafield>
      <datafield tag="OWN" ind1=" " ind2=" ">
         <subfield code="a">GENERAL</subfield>
      </datafield>
      <datafield tag="AVA" ind1=" " ind2=" ">
         <subfield code="a">NYU50</subfield>
         <subfield code="b">NISAW</subfield>
         <subfield code="c">Small Collection</subfield>
         <subfield code="d">DS797.84.T858 T74 1988</subfield>
         <subfield code="e">available</subfield>
         <subfield code="t">Available</subfield>
         <subfield code="f">1</subfield>
         <subfield code="g">0</subfield>
         <subfield code="h">N</subfield>
         <subfield code="i">0</subfield>
         <subfield code="j">SMALL</subfield>
         <subfield code="k">0</subfield>
      </datafield>
      <marc:datafield tag="852" ind1=" " ind2=" ">
         <marc:subfield code="b">Institute for the Study of the Ancient World, </marc:subfield>
         <marc:subfield code="c">Small Collection</marc:subfield>
         <marc:subfield code="e">15 East 84th St., </marc:subfield>
         <marc:subfield code="e">New York, NY  10028</marc:subfield>
      </marc:datafield>
   </record>