
  
  
  
  
  
 
  
  <record xsi:schemaLocation="http://www.loc.gov/MARC21/slim http://www.loc.gov/standards/marcxml/schema/MARC21slim.xsd">
      <leader>00000cam  2200697 i 4500</leader>
      <controlfield tag="FMT">BK</controlfield>
      <controlfield tag="LDR">00000cam  2200697 i 4500</controlfield>
      <controlfield tag="001">004034475</controlfield>
      <controlfield tag="003">OCoLC</controlfield>
      <controlfield tag="005">20140911151015.0</controlfield>
      <controlfield tag="008">140911s2013    cc a     b    000 0 chi d</controlfield>
      <datafield tag="020" ind1=" " ind2=" ">
         <subfield code="a">9787030374622</subfield>
      </datafield>
      <datafield tag="020" ind1=" " ind2=" ">
         <subfield code="a">7030374622</subfield>
      </datafield>
      <datafield tag="035" ind1=" " ind2=" ">
         <subfield code="a">(OCoLC)854891996</subfield>
         <subfield code="z">(OCoLC)849491995</subfield>
      </datafield>
      <datafield tag="040" ind1=" " ind2=" ">
         <subfield code="a">CNPIT</subfield>
         <subfield code="b">eng</subfield>
         <subfield code="e">rda</subfield>
         <subfield code="c">CNPIT</subfield>
         <subfield code="d">OCLCO</subfield>
         <subfield code="d">YUS</subfield>
         <subfield code="d">OCLCO</subfield>
         <subfield code="d">OCLCA</subfield>
         <subfield code="d">BCBTC</subfield>
         <subfield code="d">OCLCF</subfield>
         <subfield code="d">ZYU</subfield>
         <subfield code="d">NNU</subfield>
      </datafield>
      <datafield tag="041" ind1="0" ind2=" ">
         <subfield code="a">chi</subfield>
         <subfield code="b">eng</subfield>
      </datafield>
      <datafield tag="043" ind1=" " ind2=" ">
         <subfield code="a">a-cc-nn</subfield>
      </datafield>
      <datafield tag="050" ind1=" " ind2="4">
         <subfield code="a">GN772.32.C6</subfield>
         <subfield code="b">S58 2013</subfield>
      </datafield>
      <datafield tag="066" ind1=" " ind2=" ">
         <subfield code="c">$1</subfield>
      </datafield>
      <datafield tag="245" ind1="0" ind2="0">
         <subfield code="6">880-01</subfield>
         <subfield code="a">Shuidonggou :</subfield>
         <subfield code="b">2003-2007 nian du kao gu fa jue yu yan jiu bao gao /</subfield>
         <subfield code="c">Ningxia wen wu kao gu yan jiu suo, Zhongguo ke xue yuan gu ji zhui dong wu yu gu ren lei yan jiu suo bian ; Gao Xing, Wang Huimin, Pei Shuwen, Chen Fuyou deng zhu = Shuidonggou : excavation and research (2003-2007) report / authors, Gao Xing, Wang Huimin, Pei Shuwen, Chen Fuyou, et al. ; edited by Institute of Cultural Relics and Archaeology of the Ningxia Hui Autonomous Region, Institute of Vertebrate Paleontology and Paleoanthropology, Chinese Academy of Sciences.</subfield>
      </datafield>
      <datafield tag="246" ind1="3" ind2="0">
         <subfield code="6">880-02</subfield>
         <subfield code="a">2003-2007 nian du kao gu fa jue yu yan jiu bao gao</subfield>
      </datafield>
      <datafield tag="246" ind1="3" ind2=" ">
         <subfield code="a">Shui dong gou</subfield>
      </datafield>
      <datafield tag="250" ind1=" " ind2=" ">
         <subfield code="6">880-03</subfield>
         <subfield code="a">Di yi ban.</subfield>
      </datafield>
      <datafield tag="264" ind1=" " ind2="1">
         <subfield code="6">880-04</subfield>
         <subfield code="a">Beijing :</subfield>
         <subfield code="b">Ke xue chu ban she,</subfield>
         <subfield code="c">2013.</subfield>
      </datafield>
      <datafield tag="300" ind1=" " ind2=" ">
         <subfield code="a">xv, 304, 68 pages :</subfield>
         <subfield code="b">illustrations (some color) ;</subfield>
         <subfield code="c">30 cm.</subfield>
      </datafield>
      <datafield tag="336" ind1=" " ind2=" ">
         <subfield code="a">text</subfield>
         <subfield code="b">txt</subfield>
         <subfield code="2">rdacontent</subfield>
      </datafield>
      <datafield tag="337" ind1=" " ind2=" ">
         <subfield code="a">unmediated</subfield>
         <subfield code="b">n</subfield>
         <subfield code="2">rdamedia</subfield>
      </datafield>
      <datafield tag="338" ind1=" " ind2=" ">
         <subfield code="a">volume</subfield>
         <subfield code="b">nc</subfield>
         <subfield code="2">rdacarrier</subfield>
      </datafield>
      <datafield tag="490" ind1="1" ind2=" ">
         <subfield code="6">880-05</subfield>
         <subfield code="a">Ningxia wen wu kao gu yan jiu suo cong kan ;</subfield>
         <subfield code="v">zhi er shi yi</subfield>
      </datafield>
      <datafield tag="546" ind1=" " ind2=" ">
         <subfield code="a">Chinese with abstract also in English.</subfield>
      </datafield>
      <datafield tag="504" ind1=" " ind2=" ">
         <subfield code="a">Includes bibliographical references (pages 343-352).</subfield>
      </datafield>
      <datafield tag="520" ind1=" " ind2=" ">
         <subfield code="6">880-06</subfield>
         <subfield code="a">"Ben shu gong bu le Shuidonggou yi zhi 2003 nian dao 2007 nian de kao gu fa jue he yan jiu cheng guo, hui gu le Shuidonggou yi zhi de yan jiu li shi, dui gai yi zhi di ceng di mao he nian dai huan jing zuo le xiang xi de jie shao, bing zhuo zhong dui di 2, 3-5, 7-9, 12 di dian de kao gu fa xian zuo le fen zhang de xiang shu"--From publisher.</subfield>
      </datafield>
      <datafield tag="650" ind1=" " ind2="0">
         <subfield code="a">Paleolithic period</subfield>
         <subfield code="6">880-07</subfield>
         <subfield code="z">China</subfield>
         <subfield code="z">Lingwu Shi.</subfield>
      </datafield>
      <datafield tag="651" ind1=" " ind2="0">
         <subfield code="a">Lingwu Shi (China)</subfield>
         <subfield code="6">880-08</subfield>
         <subfield code="x">Antiquities.</subfield>
      </datafield>
      <datafield tag="650" ind1=" " ind2="0">
         <subfield code="6">880-09</subfield>
         <subfield code="a">Excavations (Archaeology)</subfield>
         <subfield code="z">China</subfield>
         <subfield code="z">Lingwu Shi.</subfield>
      </datafield>
      <datafield tag="650" ind1=" " ind2="7">
         <subfield code="a">Antiquities.</subfield>
         <subfield code="2">fast</subfield>
         <subfield code="0">(OCoLC)fst00810745</subfield>
      </datafield>
      <datafield tag="650" ind1=" " ind2="7">
         <subfield code="a">Excavations (Archaeology)</subfield>
         <subfield code="2">fast</subfield>
         <subfield code="0">(OCoLC)fst00917564</subfield>
      </datafield>
      <datafield tag="651" ind1=" " ind2="7">
         <subfield code="a">China</subfield>
         <subfield code="z">Lingwu Shi.</subfield>
         <subfield code="2">fast</subfield>
         <subfield code="0">(OCoLC)fst01298179</subfield>
      </datafield>
      <datafield tag="700" ind1="1" ind2=" ">
         <subfield code="6">880-10</subfield>
         <subfield code="a">Gao, Xing,</subfield>
         <subfield code="d">1962 February-</subfield>
      </datafield>
      <datafield tag="710" ind1="2" ind2=" ">
         <subfield code="a">Ningxia Huizu Zizhiqu wen wu kao gu yan jiu suo</subfield>
         <subfield code="6">880-11</subfield>
         <subfield code="e">editor of compilation.</subfield>
      </datafield>
      <datafield tag="710" ind1="2" ind2=" ">
         <subfield code="a">Zhongguo ke xue yuan.</subfield>
         <subfield code="b">Gu ji zhui dong wu yu gu ren lei yan jiu suo</subfield>
         <subfield code="6">880-12</subfield>
         <subfield code="e">editor of compilation.</subfield>
      </datafield>
      <datafield tag="880" ind1="0" ind2="0">
         <subfield code="6">245-01/</subfield>
         <subfield code="a">水洞沟 :</subfield>
         <subfield code="b">2003-2007年度考古发掘与研究报告 /</subfield>
         <subfield code="c">宁夏文物考古研究所, 中国科学院古脊椎动物与古人类研究所编 ; 高星, 王惠民, 裴树文, 陈福友等著 = Shuidonggou : excavation and research (2003-2007) report / authors, Gao Xing, Wang Huimin, Pei Shuwen, Chen Fuyou, et al. ; edited by Institute of Cultural Relics and Archaeology of the Ningxia Hui Autonomous Region, Institute of Vertebrate Paleontology and Paleoanthropology, Chinese Academy of Sciences.</subfield>
      </datafield>
      <datafield tag="880" ind1="3" ind2="0">
         <subfield code="6">246-02/</subfield>
         <subfield code="a">2003-2007年度考古发掘与研究报告</subfield>
      </datafield>
      <datafield tag="880" ind1=" " ind2=" ">
         <subfield code="6">250-03/</subfield>
         <subfield code="a">第一版.</subfield>
      </datafield>
      <datafield tag="880" ind1=" " ind2="1">
         <subfield code="6">264-04/</subfield>
         <subfield code="a">北京 :</subfield>
         <subfield code="b">科学出版社,</subfield>
         <subfield code="c">2013.</subfield>
      </datafield>
      <datafield tag="880" ind1="1" ind2=" ">
         <subfield code="6">490-05/</subfield>
         <subfield code="a">宁夏文物考古研究所丛刊 ;</subfield>
         <subfield code="v">之二十一</subfield>
      </datafield>
      <datafield tag="880" ind1=" " ind2=" ">
         <subfield code="6">520-06/</subfield>
         <subfield code="a">"本书公布了水洞沟遗址2003年到2007年的考古发掘和研究成果, 回顾了水洞沟遗址的研究历史, 对该遗址地层地貌和年代环境做了详细的介绍, 并着重对第2、3-5、7-9、12地点的考古发现做了分章节的详述"--From publisher.</subfield>
      </datafield>
      <datafield tag="880" ind1=" " ind2="4">
         <subfield code="6">650-07/</subfield>
         <subfield code="a">Paleolithic period</subfield>
         <subfield code="z">China</subfield>
         <subfield code="z">灵武市.</subfield>
      </datafield>
      <datafield tag="880" ind1=" " ind2="4">
         <subfield code="6">651-08/</subfield>
         <subfield code="a">灵武市</subfield>
         <subfield code="x">Antiquities.</subfield>
      </datafield>
      <datafield tag="880" ind1=" " ind2="4">
         <subfield code="6">650-09/</subfield>
         <subfield code="a">Excavations (Archaeology)</subfield>
         <subfield code="z">China</subfield>
         <subfield code="z">灵武市</subfield>
      </datafield>
      <datafield tag="880" ind1="1" ind2=" ">
         <subfield code="6">700-10/</subfield>
         <subfield code="a">高星,</subfield>
         <subfield code="d">1962 February-</subfield>
      </datafield>
      <datafield tag="880" ind1="2" ind2=" ">
         <subfield code="6">710-11/</subfield>
         <subfield code="a">宁夏回族自治区文物考古研究所,</subfield>
         <subfield code="e">editor of compilation.</subfield>
      </datafield>
      <datafield tag="880" ind1="2" ind2=" ">
         <subfield code="6">710-12/</subfield>
         <subfield code="a">中国科学院.</subfield>
         <subfield code="b">古脊椎动物与古人类研究所,</subfield>
         <subfield code="e">editor of compilation.</subfield>
      </datafield>
      <datafield tag="830" ind1=" " ind2="0">
         <subfield code="a">Ningxia wen wu kao gu yan jiu suo cong kan</subfield>
         <subfield code="6">880-13</subfield>
         <subfield code="v">21.</subfield>
      </datafield>
      <datafield tag="880" ind1=" " ind2="0">
         <subfield code="6">830-13/</subfield>
         <subfield code="a">宁夏文物考古研究所丛刊 ;</subfield>
         <subfield code="v">21.</subfield>
      </datafield>
      <datafield tag="994" ind1=" " ind2=" ">
         <subfield code="a">Z0</subfield>
         <subfield code="b">ZYU</subfield>
      </datafield>
      <datafield tag="OWN" ind1=" " ind2=" ">
         <subfield code="a">GENERAL</subfield>
      </datafield>
      <datafield tag="AVA" ind1=" " ind2=" ">
         <subfield code="a">NYU50</subfield>
         <subfield code="b">NISAW</subfield>
         <subfield code="c">Large Collection</subfield>
         <subfield code="d">GN772.32.C6 S58 2013</subfield>
         <subfield code="e">available</subfield>
         <subfield code="t">Available</subfield>
         <subfield code="f">1</subfield>
         <subfield code="g">0</subfield>
         <subfield code="h">N</subfield>
         <subfield code="i">0</subfield>
         <subfield code="j">LARGE</subfield>
         <subfield code="k">0</subfield>
      </datafield>
      <marc:datafield tag="852" ind1=" " ind2=" ">
         <marc:subfield code="b">Institute for the Study of the Ancient World, </marc:subfield>
         <marc:subfield code="c">Large Collection</marc:subfield>
         <marc:subfield code="e">15 East 84th St., </marc:subfield>
         <marc:subfield code="e">New York, NY  10028</marc:subfield>
      </marc:datafield>
   </record>