
  
  
  
  
  
 
  
  <record xsi:schemaLocation="http://www.loc.gov/MARC21/slim http://www.loc.gov/standards/marcxml/schema/MARC21slim.xsd">
      <leader>00000cam  2200757 a 4500</leader>
      <controlfield tag="FMT">BK</controlfield>
      <controlfield tag="LDR">00000cam  2200757 a 4500</controlfield>
      <controlfield tag="001">004035695</controlfield>
      <controlfield tag="003">OCoLC</controlfield>
      <controlfield tag="005">20140916144300.0</controlfield>
      <controlfield tag="008">140916s2008    cc a     bc   000 0 chi d</controlfield>
      <datafield tag="010" ind1=" " ind2=" ">
         <subfield code="a">2009425735</subfield>
      </datafield>
      <datafield tag="020" ind1=" " ind2=" ">
         <subfield code="a">9787532550449</subfield>
      </datafield>
      <datafield tag="020" ind1=" " ind2=" ">
         <subfield code="a">7532550443</subfield>
      </datafield>
      <datafield tag="035" ind1=" " ind2=" ">
         <subfield code="a">(OCoLC)401703162</subfield>
         <subfield code="z">(OCoLC)649718833</subfield>
         <subfield code="z">(OCoLC)680057114</subfield>
      </datafield>
      <datafield tag="040" ind1=" " ind2=" ">
         <subfield code="a">KKU</subfield>
         <subfield code="b">eng</subfield>
         <subfield code="c">TEF</subfield>
         <subfield code="d">DLC</subfield>
         <subfield code="d">PAU</subfield>
         <subfield code="d">OCLCF</subfield>
         <subfield code="d">ZYU</subfield>
         <subfield code="d">NNU</subfield>
      </datafield>
      <datafield tag="042" ind1=" " ind2=" ">
         <subfield code="a">lccopycat</subfield>
      </datafield>
      <datafield tag="043" ind1=" " ind2=" ">
         <subfield code="a">a-cc-ho</subfield>
         <subfield code="a">a-cc---</subfield>
      </datafield>
      <datafield tag="050" ind1="0" ind2="0">
         <subfield code="a">PL2456</subfield>
         <subfield code="b">.Y53 2008</subfield>
      </datafield>
      <datafield tag="050" ind1=" " ind2="4">
         <subfield code="a">PL2456</subfield>
         <subfield code="b">.Y55 2008</subfield>
      </datafield>
      <datafield tag="066" ind1=" " ind2=" ">
         <subfield code="c">$1</subfield>
      </datafield>
      <datafield tag="082" ind1="0" ind2="4">
         <subfield code="a">95.1/11</subfield>
         <subfield code="2">22</subfield>
      </datafield>
      <datafield tag="100" ind1="1" ind2=" ">
         <subfield code="a">Yi, Chŏng-suk</subfield>
         <subfield code="6">880-01</subfield>
      </datafield>
      <datafield tag="245" ind1="1" ind2="0">
         <subfield code="6">880-02</subfield>
         <subfield code="a">Beijing da xue zhen cang jia gu wen zi /</subfield>
         <subfield code="c">Li Zhongshu, Ge Yinghui zhu ; Beijing da xue Zhongguo kao gu xue yan jiu zhong xin, Beijing da xue kao gu wen bo xue yuan bian.</subfield>
      </datafield>
      <datafield tag="246" ind1="3" ind2="0">
         <subfield code="6">880-03</subfield>
         <subfield code="a">Jia gu wen zi</subfield>
      </datafield>
      <datafield tag="250" ind1=" " ind2=" ">
         <subfield code="6">880-04</subfield>
         <subfield code="a">Di 1 ban.</subfield>
      </datafield>
      <datafield tag="260" ind1=" " ind2=" ">
         <subfield code="6">880-05</subfield>
         <subfield code="a">Shanghai :</subfield>
         <subfield code="b">Shanghai gu ji chu ban she,</subfield>
         <subfield code="c">2008.</subfield>
      </datafield>
      <datafield tag="300" ind1=" " ind2=" ">
         <subfield code="a">2 v. (1, 9, 505, 485, 58 p. ) :</subfield>
         <subfield code="b">ill. (some col.) ;</subfield>
         <subfield code="c">38 cm.</subfield>
      </datafield>
      <datafield tag="490" ind1="1" ind2=" ">
         <subfield code="6">880-06</subfield>
         <subfield code="a">Beijing da xue zhen dan gu dai wen ming yan jiu zhong xin xue shu cong shu te kan</subfield>
      </datafield>
      <datafield tag="504" ind1=" " ind2=" ">
         <subfield code="a">Includes bibliographical references.</subfield>
      </datafield>
      <datafield tag="505" ind1="0" ind2=" ">
         <subfield code="6">880-07</subfield>
         <subfield code="a">v. 1. Jia gu ying ben ji ta ben tu ban -- v. 2. Jia gu mo ben ji shi wen tu ban.</subfield>
      </datafield>
      <datafield tag="520" ind1=" " ind2=" ">
         <subfield code="6">880-08</subfield>
         <subfield code="a">Ben shu shi ji "Yinxu Huayuanzhuang Dongdi jia gu" zhi hou, jiang Beijing da xue Saikele kao gu yu yi shu bo wu guan suo zhen cang de yue 3000 pian Shang dai jia gu wen zi an zhao gu zhao xiang, ta ben, mo ben san wei yi ti de xing shi zhu lu chuan shi jia gu de zai shi jian, qie yi yuan wei shi wen yu mo ben xiang hu ying, wei geng quan mian, geng zhun que de he yan, li yong jia gu cai liao ti gong le fang bian.</subfield>
      </datafield>
      <datafield tag="650" ind1=" " ind2="0">
         <subfield code="a">Inscriptions, Chinese</subfield>
         <subfield code="z">China</subfield>
         <subfield code="z">Anyang Xian.</subfield>
      </datafield>
      <datafield tag="650" ind1=" " ind2="0">
         <subfield code="a">Oracle bones</subfield>
         <subfield code="z">China</subfield>
         <subfield code="z">Anyang Xian.</subfield>
      </datafield>
      <datafield tag="610" ind1="2" ind2="0">
         <subfield code="6">880-09</subfield>
         <subfield code="a">Beijing da xue</subfield>
         <subfield code="v">Catalogs.</subfield>
      </datafield>
      <datafield tag="610" ind1="2" ind2="7">
         <subfield code="a">Beijing da xue.</subfield>
         <subfield code="2">fast</subfield>
         <subfield code="0">(OCoLC)fst00542276</subfield>
      </datafield>
      <datafield tag="650" ind1=" " ind2="7">
         <subfield code="a">Inscriptions, Chinese.</subfield>
         <subfield code="2">fast</subfield>
         <subfield code="0">(OCoLC)fst00973859</subfield>
      </datafield>
      <datafield tag="650" ind1=" " ind2="7">
         <subfield code="a">Oracle bones.</subfield>
         <subfield code="2">fast</subfield>
         <subfield code="0">(OCoLC)fst01046985</subfield>
      </datafield>
      <datafield tag="651" ind1=" " ind2="7">
         <subfield code="a">China</subfield>
         <subfield code="z">Anyang Xian.</subfield>
         <subfield code="2">fast</subfield>
         <subfield code="0">(OCoLC)fst01213709</subfield>
      </datafield>
      <datafield tag="655" ind1=" " ind2="7">
         <subfield code="a">Catalogs.</subfield>
         <subfield code="2">fast</subfield>
         <subfield code="0">(OCoLC)fst01423692</subfield>
      </datafield>
      <datafield tag="700" ind1="1" ind2=" ">
         <subfield code="a">Ge, Yinghui</subfield>
         <subfield code="6">880-10</subfield>
      </datafield>
      <datafield tag="710" ind1="2" ind2=" ">
         <subfield code="a">Beijing da xue.</subfield>
         <subfield code="b">Zhongguo kao gu yan jiu zhong xin</subfield>
         <subfield code="6">880-11</subfield>
      </datafield>
      <datafield tag="710" ind1="2" ind2=" ">
         <subfield code="a">Beijing da xue.</subfield>
         <subfield code="b">Kao gu wen bo xue yuan</subfield>
         <subfield code="6">880-12</subfield>
      </datafield>
      <datafield tag="880" ind1="1" ind2=" ">
         <subfield code="6">100-01/</subfield>
         <subfield code="a">李鐘淑.</subfield>
      </datafield>
      <datafield tag="880" ind1="1" ind2="0">
         <subfield code="6">245-02/</subfield>
         <subfield code="a">北京大學珍藏甲骨文字 /</subfield>
         <subfield code="c">李鐘淑, 葛英會著 ; 北京大學中國考古學研究中心, 北京大學考古文博學院編.</subfield>
      </datafield>
      <datafield tag="880" ind1="3" ind2="0">
         <subfield code="6">246-03/</subfield>
         <subfield code="a">甲骨文字</subfield>
      </datafield>
      <datafield tag="880" ind1=" " ind2=" ">
         <subfield code="6">250-04/</subfield>
         <subfield code="a">第1版.</subfield>
      </datafield>
      <datafield tag="880" ind1=" " ind2=" ">
         <subfield code="6">260-05/</subfield>
         <subfield code="a">上海 :</subfield>
         <subfield code="b">上海古籍出版社,</subfield>
         <subfield code="c">2008.</subfield>
      </datafield>
      <datafield tag="880" ind1="1" ind2=" ">
         <subfield code="6">490-06/</subfield>
         <subfield code="a">北京大學震旦古代文明硏究中心學術叢書特刊</subfield>
      </datafield>
      <datafield tag="880" ind1="0" ind2=" ">
         <subfield code="6">505-07/</subfield>
         <subfield code="a">v. 1. 甲骨影本及拓本圖版 -- v. 2. 甲骨摹本及釋文圖版.</subfield>
      </datafield>
      <datafield tag="880" ind1=" " ind2=" ">
         <subfield code="6">520-08/</subfield>
         <subfield code="a">本书是继《殷墟花园庄东地甲骨》之后，将北京大学赛克勒考古与艺术博物馆所珍藏的约3000片商代甲骨文字按照原骨照相、拓本、摹本三位一体的形式著录传世甲骨的再实践，且以原位释文与摹本相呼应，为更全面、更准确地核验、利用甲骨材料提供了方便。</subfield>
      </datafield>
      <datafield tag="880" ind1="2" ind2="4">
         <subfield code="6">610-09/</subfield>
         <subfield code="a">北京大學</subfield>
         <subfield code="v">Catalogs.</subfield>
      </datafield>
      <datafield tag="880" ind1="1" ind2=" ">
         <subfield code="6">700-10/</subfield>
         <subfield code="a">葛英會.</subfield>
      </datafield>
      <datafield tag="880" ind1="2" ind2=" ">
         <subfield code="6">710-11/</subfield>
         <subfield code="a">北京大學.</subfield>
         <subfield code="b">中國考古學研究中心.</subfield>
      </datafield>
      <datafield tag="880" ind1="2" ind2=" ">
         <subfield code="6">710-12/</subfield>
         <subfield code="a">北京大學.</subfield>
         <subfield code="b">考古文博學院.</subfield>
      </datafield>
      <datafield tag="830" ind1=" " ind2="0">
         <subfield code="a">Beijing da xue zhen dan gu dai wen ming yan jiu zhong xin xue shu cong shu</subfield>
         <subfield code="6">880-13</subfield>
      </datafield>
      <datafield tag="880" ind1=" " ind2="0">
         <subfield code="6">830-13/</subfield>
         <subfield code="a">北京大學震旦古代文明硏究中心學術叢書.</subfield>
      </datafield>
      <datafield tag="994" ind1=" " ind2=" ">
         <subfield code="a">Z0</subfield>
         <subfield code="b">ZYU</subfield>
      </datafield>
      <datafield tag="OWN" ind1=" " ind2=" ">
         <subfield code="a">GENERAL</subfield>
      </datafield>
      <datafield tag="AVA" ind1=" " ind2=" ">
         <subfield code="a">NYU50</subfield>
         <subfield code="b">NISAW</subfield>
         <subfield code="c">Oversize Collection</subfield>
         <subfield code="d">PL2456 .Y55 2008</subfield>
         <subfield code="e">available</subfield>
         <subfield code="t">Available</subfield>
         <subfield code="f">2</subfield>
         <subfield code="g">0</subfield>
         <subfield code="h">Y</subfield>
         <subfield code="i">0</subfield>
         <subfield code="j">OVERZ</subfield>
         <subfield code="k">0</subfield>
      </datafield>
      <marc:datafield tag="852" ind1=" " ind2=" ">
         <marc:subfield code="b">Institute for the Study of the Ancient World, </marc:subfield>
         <marc:subfield code="c">Oversize Collection</marc:subfield>
         <marc:subfield code="e">15 East 84th St., </marc:subfield>
         <marc:subfield code="e">New York, NY  10028</marc:subfield>
      </marc:datafield>
   </record>