
  
  
  
  
  
 
  
  <record xsi:schemaLocation="http://www.loc.gov/MARC21/slim http://www.loc.gov/standards/marcxml/schema/MARC21slim.xsd">
      <leader>00000cam  2200373 a 4500</leader>
      <controlfield tag="FMT">BK</controlfield>
      <controlfield tag="LDR">00000cam  2200373 a 4500</controlfield>
      <controlfield tag="001">004036385</controlfield>
      <controlfield tag="003">OCoLC</controlfield>
      <controlfield tag="005">20141023144345.0</controlfield>
      <controlfield tag="008">140917s2014    be ab    b    100 0 eng d</controlfield>
      <datafield tag="020" ind1=" " ind2=" ">
         <subfield code="a">9789042930445</subfield>
      </datafield>
      <datafield tag="020" ind1=" " ind2=" ">
         <subfield code="a">9042930446</subfield>
      </datafield>
      <datafield tag="035" ind1=" " ind2=" ">
         <subfield code="a">(OCoLC)884542287</subfield>
      </datafield>
      <datafield tag="040" ind1=" " ind2=" ">
         <subfield code="a">YDXCP</subfield>
         <subfield code="b">eng</subfield>
         <subfield code="c">YDXCP</subfield>
         <subfield code="d">CIN</subfield>
         <subfield code="d">NNU</subfield>
      </datafield>
      <datafield tag="041" ind1="0" ind2=" ">
         <subfield code="a">eng</subfield>
         <subfield code="a">fre</subfield>
      </datafield>
      <datafield tag="043" ind1=" " ind2=" ">
         <subfield code="a">fn-----</subfield>
      </datafield>
      <datafield tag="050" ind1=" " ind2="4">
         <subfield code="a">DT159.6.N83</subfield>
         <subfield code="b">I58 2010</subfield>
      </datafield>
      <datafield tag="111" ind1="2" ind2=" ">
         <subfield code="a">International Conference for Nubian Studies</subfield>
         <subfield code="n">(12th :</subfield>
         <subfield code="d">2010 :</subfield>
         <subfield code="c">British Museum)</subfield>
      </datafield>
      <datafield tag="245" ind1="1" ind2="4">
         <subfield code="a">The Fourth Cataract and beyond :</subfield>
         <subfield code="b">proceedings of the 12th International Conference for Nubian Studies /</subfield>
         <subfield code="c">edited by Julie R. Anderson and Derek A. Welsby.</subfield>
      </datafield>
      <datafield tag="260" ind1=" " ind2=" ">
         <subfield code="a">Leuven ;</subfield>
         <subfield code="a">Paris ;</subfield>
         <subfield code="a">Walpole, MA :</subfield>
         <subfield code="b">Peeters</subfield>
         <subfield code="c">2014.</subfield>
      </datafield>
      <datafield tag="300" ind1=" " ind2=" ">
         <subfield code="a">xxviii, 1194 p. :</subfield>
         <subfield code="b">ill. (some col.), maps ;</subfield>
         <subfield code="c">31 cm.</subfield>
      </datafield>
      <datafield tag="490" ind1="1" ind2=" ">
         <subfield code="a">British Museum Publications on Egypt and Sudan ;</subfield>
         <subfield code="v">1</subfield>
      </datafield>
      <datafield tag="504" ind1=" " ind2=" ">
         <subfield code="a">Includes bibliographical references.</subfield>
      </datafield>
      <datafield tag="520" ind1=" " ind2=" ">
         <subfield code="a">"The 12th International Conference for Nubian Studies was held at the British Museum, London, from 1st-6th August 2010. The conference, held every four years, is the only international gathering of archaeologists and scholars from associated disciplines which considers all aspects of Sudan and sourthern Egypt's ancient and more recent past. The main sessions, and main papers published herein, were devoted to a consideration of the Merowe Dam Archaeological Salvage Project, its aftermath and impact. Over the previous decade this has been the major focus of archaeological activity on the Middle Nile. The dam is now complete and the reservoir is full drawing a line under the fieldwork component of the project. It was felt timely, therefore, in the interim to obtain an overview of what was found during the many years of intensive work and the first main paper speaker in each session sought to do just that. They were followed by reports on sites, categories of objects and more thematic papers arranged broadly by period. These highlight that, while the focus of archaeological activity still remains the Nile Valley where there is the densest concentration of sites and also where there remains the most concentrated threat to their survival, much work is being undertaken away from the river and in some cases outside its catchment area. The role of the deserts is increasingly being appreciated while the role of the savannah and areas even further south has yet to be given the prominence that it probably deserves"--P. [4] of cover.</subfield>
      </datafield>
      <datafield tag="505" ind1="0" ind2="0">
         <subfield code="g">Introduction.</subfield>
         <subfield code="t">Opening session /</subfield>
         <subfield code="r">Hasan, Yusuf Fadl, and Derek A. Welsby --</subfield>
         <subfield code="t">An introduction to the Merowe Dam Archaeological Salvage Project (MDASP) /</subfield>
         <subfield code="r">Ahmed, Salah Mohamed.</subfield>
         <subfield code="g">The fourth cataract and beyond - main papers.</subfield>
         <subfield code="t">Prehistory of the fourth cataract /</subfield>
         <subfield code="r">Osypiński, Piotr --</subfield>
         <subfield code="t">Recent advances in our understanding of prehistory in northern Sudan /</subfield>
         <subfield code="r">Honegger, Matthieu --</subfield>
         <subfield code="t">Recent advances in understanding the prehistory of central Sudan /</subfield>
         <subfield code="r">Usai, Donatella --</subfield>
         <subfield code="t">Recent advances in understanding of Nubian prehistory in lower Nubia, upper Egypt and the deserts /</subfield>
         <subfield code="r">Gatto, Maria Carmela.</subfield>
         <subfield code="g">The Kerma period.</subfield>
         <subfield code="t">Kerma culture in the fourth cataract of the Nile /</subfield>
         <subfield code="r">Paner, Henryk --</subfield>
         <subfield code="t">Forty years research on Kerma cultures /</subfield>
         <subfield code="r">Bonnet, Charles --</subfield>
         <subfield code="t">Kerma north of the third cataract /</subfield>
         <subfield code="r">Gratien, Brigitte --</subfield>
         <subfield code="t">International relations between Kerma and Egypt /</subfield>
         <subfield code="r">Valbelle, Dominique.</subfield>
         <subfield code="g">The Kushite period.</subfield>
         <subfield code="t">Kushites and the fourth cataract /</subfield>
         <subfield code="r">Ahmed, Salah Mohamed --</subfield>
         <subfield code="t">The island of Meroe /</subfield>
         <subfield code="r">Rondot, Vincent --</subfield>
         <subfield code="t">Kush and her neighbours beyond the Nile Valley /</subfield>
         <subfield code="r">Lohwasser, Angelika.</subfield>
         <subfield code="g">The medieval period.</subfield>
         <subfield code="t">The fourth cataract in the medieval period /</subfield>
         <subfield code="r">Żurawski, Bodan --</subfield>
         <subfield code="t">The kingdom of Makuria /</subfield>
         <subfield code="r">Godlewski, Włodzimierz --</subfield>
         <subfield code="t">Medieval Nobadia /</subfield>
         <subfield code="r">Edwards, David N. --</subfield>
         <subfield code="t">The kingdom of Alwa /</subfield>
         <subfield code="r">Welsby, Derek A.</subfield>
      </datafield>
      <datafield tag="505" ind1="0" ind2="0">
         <subfield code="g">The Islamic period.</subfield>
         <subfield code="t">The Islamic period in the fourth cataract /</subfield>
         <subfield code="r">Mohammed, Abdelrahman Ali --</subfield>
         <subfield code="t">Islamic archaeology in norther Sudan /</subfield>
         <subfield code="r">Elzein, Intisar Soghayroun --</subfield>
         <subfield code="t">The Red Sea littoral since the arrival of Islam /</subfield>
         <subfield code="r">Mallinson, Michael --</subfield>
         <subfield code="t">The Islamic Sudan and the outside world, c. 1317-1821 /</subfield>
         <subfield code="r">Hasan, Yusuf Fadl.</subfield>
         <subfield code="g">Reports and Research papers.</subfield>
         <subfield code="g">Prehistory.</subfield>
         <subfield code="t">The evolution from large socail units with loose networks into small social units with tight networks from the Khartoum variant to the Akban and the Pre-Kerma at Sai Island /</subfield>
         <subfield code="r">Garcea, Elena A. A. --</subfield>
         <subfield code="t">Archaeology at el-Khiday : new insight on the prehistory and history of central Sudan /</subfield>
         <subfield code="r">Salvatori, Sandro [... et al.] --</subfield>
         <subfield code="t">The geoarchaeological contribution to the el-Salha project : from site to landscape at el-Khiday (central Sudan) /</subfield>
         <subfield code="r">Zerboni, Andrea --</subfield>
         <subfield code="t">A bioarchaeological appraisal of the human skeletal remains from el-Khiday 2, central Sudan /</subfield>
         <subfield code="r">Jakob, Tina --</subfield>
         <subfield code="t">Typological and technological examinations of neolithic pottery from Khartoum Province, Sudan /</subfield>
         <subfield code="r">Khabir, Abdelrahim M. --</subfield>
         <subfield code="t">Child burials : a funerary practice in the Middle Nile Region : evidence from the late neolithic site of es-Sour /</subfield>
         <subfield code="r">Sadig, Azhari Mustafa --</subfield>
         <subfield code="t">Gebel el-Muqaddas (site E-06-4) : the early neolithic Tumuli from Nabta Playa (Western Desert, Egypt) /</subfield>
         <subfield code="r">Bobrowski, Przemek, Agnieszka Czekaj-Zastawny and Romuald Schild --</subfield>
         <subfield code="t">Megalithic architecture and the Nubian Desert /</subfield>
         <subfield code="r">Ibrahim, Heba-Tallah A. A.</subfield>
         <subfield code="g">Kerma and contemporary cultures.</subfield>
         <subfield code="t">Pre-Kerma transition at the Nile fourth cataract : first assessments of a multi-component, stratified prehistoric settlement in the UCSB/ASU salvage concession /</subfield>
         <subfield code="r">Herbst, George, and Stuart Tyson Smith --</subfield>
         <subfield code="t">Kerma burials in the fourth cataract region : three seasons of excavations at Shemkhiya /</subfield>
         <subfield code="r">Włodarska, Magdalena --</subfield>
         <subfield code="t">Peripheral vision : identity at the margins of the early kingdom of Kush /</subfield>
         <subfield code="r">Emberling, Geoff [... et al.] --</subfield>
      </datafield>
      <datafield tag="505" ind1="0" ind2="0">
         <subfield code="t">Between Kerma and Avaris : the first kingdom of Kush and Egypt during the second intermediate period /</subfield>
         <subfield code="r">Dirminti, Enroco --</subfield>
         <subfield code="t">Nubian faunal practices : exploring the C-Group "pastoral ideal" at nine cemeteries /</subfield>
         <subfield code="r">Bangsgaard, Pernille --</subfield>
         <subfield code="t">Linking the Eastern Desert and the Nile Valley : pan-grave people from the late Middle Kingdom to the early New Kingdom /</subfield>
         <subfield code="r">Weschenfelder, Petra.</subfield>
         <subfield code="g">Pharaonic.</subfield>
         <subfield code="t">Sai Island New Kingdom town (Northern Sudan) : 3rd and 4th seasons (2009-2010) /</subfield>
         <subfield code="r">Doyen, Florence --</subfield>
         <subfield code="t">Archaeometric approaches to ceramic manufacture and traditions at Sai Island, northern Sudan /</subfield>
         <subfield code="r">D'Ercole, Giulia, Giacomo Eramo and Italo M. Muntoni --</subfield>
         <subfield code="t">Nubian traditions on the ceramics found in the Pharaonic town on Sai Island /</subfield>
         <subfield code="r">Miellé, Lauriane --</subfield>
         <subfield code="t">Soleb 2010 project: Amenhotep III’s fortified complex research /</subfield>
         <subfield code="r">Cavillier, Giacomo --</subfield>
         <subfield code="t">A statue of Amenhotep III rediscovered /</subfield>
         <subfield code="r">Davies, W. Vivian --</subfield>
         <subfield code="t">Fieldwork at Sesebi 2010 /</subfield>
         <subfield code="r">Spence, Kate, and Pamela Rose --</subfield>
         <subfield code="t">Early 18th dynasty pottery found in Kerma (Dokki Gel) /</subfield>
         <subfield code="r">Ruffieux, Philippe --</subfield>
         <subfield code="t">Colonial entanglements : "Egyptianization" in Egypt’s Nubian empire and the Nubian dynasty /</subfield>
         <subfield code="r">Smith, Stuart Tyson, and Michele R. Buzon --</subfield>
         <subfield code="t">Looking for Nubians in Egypt : taking a look at the iconographic evidence from the 1st intermediate period and Middle Kingdom /</subfield>
         <subfield code="r">Pemler, Doris --</subfield>
         <subfield code="t">Images of the foreigners in Egyptian art /</subfield>
         <subfield code="r">Pomerantseva, Natalie A. --</subfield>
         <subfield code="t">Amara West : considerations on urban life in colonial Kush /</subfield>
         <subfield code="r">Spencer, Neal --</subfield>
         <subfield code="t">Cultural traditions and transitions during the New Kingdom colonial period and its aftermath : recent discoveries from the cemeteries of Amara West /</subfield>
         <subfield code="r">Binder, Michaela --</subfield>
         <subfield code="t">Pitfall concepts in the round of 'Nubia' : Ta-Sety, Nehesy, Medja, Maga and Punt revisited /</subfield>
         <subfield code="r">Michaux-Colombot, Danièle --</subfield>
         <subfield code="t">À la recherche de la terre d’Amou /</subfield>
         <subfield code="r">Castiglioni, Alfredo, and Angelo Castiglioni.</subfield>
         <subfield code="g">Kushite.</subfield>
         <subfield code="t">The emergence of Kush /</subfield>
         <subfield code="r">Ahmed, el-Samani al-Nasri Mohammed --</subfield>
      </datafield>
      <datafield tag="505" ind1="0" ind2="0">
         <subfield code="t">The role of the kings’ brothers in the transmission of royal power in ancient Egypt and Kush : a cross-cultural study /</subfield>
         <subfield code="r">Revez, Jean --</subfield>
         <subfield code="t">On the borders of Kushite power : the gala Abu Ahmed Fortress in Lower Wadi Howar, Northern Sudan /</subfield>
         <subfield code="r">Jesse, Friederike --</subfield>
         <subfield code="t">The army and military dictatorship in Meroe? /</subfield>
         <subfield code="r">Zach, Michael H. --</subfield>
         <subfield code="t">The Satrap stela and the struggle for lower Nubia /</subfield>
         <subfield code="r">Burstein, Stanley M. --</subfield>
         <subfield code="t">Meroitic diplomacy and the festival of entry /</subfield>
         <subfield code="r">Pope, Jeremy --</subfield>
         <subfield code="t">On the traces of Nubians : notes on the relations between Romans and Meroites /</subfield>
         <subfield code="r">Pasquali, Maria Iride --</subfield>
         <subfield code="t">The K3 symbol in Kushite civilization /</subfield>
         <subfield code="r">Latief, Ikhlas Abdul --</subfield>
         <subfield code="t">Delivery of Nubian royal insignia : the crowns /</subfield>
         <subfield code="r">Pompei, Amarillis --</subfield>
         <subfield code="t">Kushite barque stands /</subfield>
         <subfield code="r">Aldenhoven, Katarina --</subfield>
         <subfield code="t">Early Kushite royal statues at Dangeil, Sudan /</subfield>
         <subfield code="r">Anderson, Julie R., and Salah Mohamed Ahmed --</subfield>
         <subfield code="t">Quality, style, and Nubianness: prolegomena to a history of Meroitic sculpture /</subfield>
         <subfield code="r">Török, László --</subfield>
         <subfield code="t">The possible royal tomb of Eltameer Merowe /</subfield>
         <subfield code="r">Mohammed, Murtada Bushara --</subfield>
         <subfield code="t">Egyptian impact on pot-breaking ceremonies at el-Kurru? A re-examination /</subfield>
         <subfield code="r">Budka, Julia --</subfield>
         <subfield code="t">Protecting the mummy:a reinterpretation of Shabtis in Napatan funerary customs / </subfield>
         <subfield code="r">Balanda, Brigitte --</subfield>
         <subfield code="t">Reused relief blocks of Piankhy from B 900 : toward a decipherment of the Osiris cult at Jebel Barkal /</subfield>
         <subfield code="r">Kendall, Timothy --</subfield>
         <subfield code="t">Sabazios dans les pays de la vallée du Nil: variétés régionales de l’image et du culte /</subfield>
         <subfield code="r">Bersina, Svetlana --</subfield>
         <subfield code="t">Meroitic kingship and water : the case of Napata (B2200) /</subfield>
         <subfield code="r">Ciampini, Emanuele M., and Grażyna Bąkowska-Czerner --</subfield>
         <subfield code="t">Conservation of an Amun temple in the Sudan /</subfield>
         <subfield code="r">Sweek, Tracey [... et al.] --</subfield>
         <subfield code="t">Excavation of "Offering Chapel 360" in Naga /</subfield>
         <subfield code="r">Kroeper, Karla --</subfield>
         <subfield code="t">The Meroitic urban town of Hamadab in 2010 /</subfield>
         <subfield code="r">Wolf, Pawel, Ulrike Nowotnick and Catharine Hof --</subfield>
      </datafield>
      <datafield tag="505" ind1="0" ind2="0">
         <subfield code="t">Survey in Abu Erteila : preliminary results /</subfield>
         <subfield code="r">Fantusati, Eugenio, Eleonora Kormysheva and Svetlana Malykh --</subfield>
         <subfield code="t">Preliminary findings at Abu Erteila : a Meroitic and early Christian site in Sudan /</subfield>
         <subfield code="r">Lobban, Richard A. --</subfield>
         <subfield code="t">Downtown Muweis : a progress report (2007-2011) /</subfield>
         <subfield code="r">Baud, Michel --</subfield>
         <subfield code="t">The palace of Muweis in the Shendi reach : a comparative approach /</subfield>
         <subfield code="r">Maillot, Marc --</subfield>
         <subfield code="t">An elite Meroitic cemetery at Sai Island /</subfield>
         <subfield code="r">Francigny, Vincent --</subfield>
         <subfield code="t">The archaeological material from the Meroitic cemetery at Berber /</subfield>
         <subfield code="r">Bashir, Mahmoud Suliman --</subfield>
         <subfield code="t">Chronology of Meroitic graves in northern Sudan : agency, power and society /</subfield>
         <subfield code="r">Sakamoto, Tsubasa --</subfield>
         <subfield code="t">Archaeological information extracted from a comparative study of samples of mortar collected on various ancient monuments in the Nile Valley between the third and the sixth Cataracts /</subfield>
         <subfield code="r">Feneuille, Serge, Jean-Pierre Letourneux and Marie Bouchar.</subfield>
         <subfield code="g">Medieval.</subfield>
         <subfield code="t">The "royal" Tumulus at Hagar el-Beida /</subfield>
         <subfield code="r">Chłodnicki, Marek --</subfield>
         <subfield code="t">Tracking transitions in the fourth cataract region of el-Ginefab : results of the Arizona State University fieldwork, 2007-2009 /</subfield>
         <subfield code="r">Baker, Brenda J. --</subfield>
         <subfield code="t">Anthropology of Wadi Qitna and Kalabsha South /</subfield>
         <subfield code="r">Strouhal, Eugen --</subfield>
         <subfield code="t">Rank-size rule in Nubian settlement systems /</subfield>
         <subfield code="r">Obłuski, Artur --</subfield>
         <subfield code="t">The eparch at Meinarti /</subfield>
         <subfield code="r">Adams, William Y. --</subfield>
         <subfield code="t">Meroitic to medieval occupation upriver from Dongola : excavations at Banganarti and Selib in 2010 /</subfield>
         <subfield code="r">Żurawski, Bogdan --</subfield>
         <subfield code="t">Banganarti : fortifications /</subfield>
         <subfield code="r">Drzewiecki, Mariusz --</subfield>
         <subfield code="t">Animals in the economy of Christian Makuria /</subfield>
         <subfield code="r">Osypińska, Marta --</subfield>
         <subfield code="t">Nubian representations of nativity discovered in the monastery in old Dongola /</subfield>
         <subfield code="r">Martens-Czarnecka, Małgorzata --</subfield>
         <subfield code="t">Royal iconography : contribution to the study of costume /</subfield>
         <subfield code="r">Wozniak, Magdalena --</subfield>
         <subfield code="t">The iconography of power : the power of iconography : the Nubian royal ideology and its expression in wall painting /</subfield>
         <subfield code="r">Zielińska, Dobrochna --</subfield>
      </datafield>
      <datafield tag="505" ind1="0" ind2="0">
         <subfield code="t">A survey of Christian textual finds from Gebel Adda in the collections of the Royal Ontario Museum, Toronto /</subfield>
         <subfield code="r">Łajtar, Adam --</subfield>
         <subfield code="t">May God increase your years : unpublished Old Nubian correspondence from Qasr Ibrim  /</subfield>
         <subfield code="r">Ruffini, Giovanni --</subfield>
         <subfield code="t">Old Nubian lists of goods and money : a preliminary presentation /</subfield>
         <subfield code="r">Ochała, Grzegorz --</subfield>
         <subfield code="t">From bits and pieces : a corpus of medieval manuscripts from the Humboldt University (H.U.N.E.) concession in the fourth Nile cataract /</subfield>
         <subfield code="r">Näser, Claudia, and Alexandros Tsakos --</subfield>
         <subfield code="t">A note on the medieval period of Sai Island /</subfield>
         <subfield code="r">Tsakos, Alexandros, and Henriette Hafsaas-Tsakos --</subfield>
         <subfield code="t">Nubia and Nubians in medieval Latin culture : the evidence of maps (12th-14th century) /</subfield>
         <subfield code="r">Seignobos, Robin.</subfield>
         <subfield code="g">Islamic to modern.</subfield>
         <subfield code="t">Fangool archaeological site : a brief note /</subfield>
         <subfield code="r">Mohammed, Nada Babekir --</subfield>
         <subfield code="t">Bani Ady, Darb el-Arbaiin’s last station between upper Egypt and Nubia in the Islamic period /</subfield>
         <subfield code="r">Mohamed, Rageh Z. --</subfield>
         <subfield code="t">The introduction of Mancala to Sai Island /</subfield>
         <subfield code="r">Voogt, Alex de --</subfield>
         <subfield code="t">Sudanese beautification ornaments between the past and the present /</subfield>
         <subfield code="r">Eltayeb, Haifa Mohammed Hassan --</subfield>
         <subfield code="t">House decoration by Nubian women prior to 1964 resettlement /</subfield>
         <subfield code="r">Goo-Grauer, Armgard --</subfield>
         <subfield code="t">The changing face of tourism in West Aswan Village /</subfield>
         <subfield code="r">Jennings, Anne M. --</subfield>
         <subfield code="t">Perceptions of Nubia in museum collections and displays /</subfield>
         <subfield code="r">Simone, Costanza de --</subfield>
         <subfield code="t">The preservation of the documentary heritage of the 'Nubian campaign' kept at the Spanish National Archaeological Museum, Madrid, Spain /</subfield>
         <subfield code="r">Zurinaga, Salomé.</subfield>
         <subfield code="g">Multi-period.</subfield>
         <subfield code="t">The Merowe Dam Salvage Archaeological Project (Sudan) /</subfield>
         <subfield code="r">Gissema, Kabbashi Hussein --</subfield>
         <subfield code="t">Rock drawing studies : four seasons in the middle Nile region /</subfield>
         <subfield code="r">Bakheit, Fawzi Hassan --</subfield>
         <subfield code="t">The code of the hidden beads : from the Kerma to the Islamic period according to the fourth cataract material from the Gdańsk Archaeological Museum Expedition excavations /</subfield>
         <subfield code="r">Then-Obłuska, Joanna --</subfield>
      </datafield>
      <datafield tag="505" ind1="0" ind2="0">
         <subfield code="t">Changing societies in the fourth dataract: identity displayed through ceramic use and consumption practices /</subfield>
         <subfield code="r">Thomas, Ross --</subfield>
         <subfield code="t">Archaeology and palaeoecology of el-Ga’ab Basin /</subfield>
         <subfield code="r">Tahir, Yahia Fadl --</subfield>
         <subfield code="t">Archaeology and settlement in the third cataract region : Abu Fatma : a Nubian settlement from the Kerma period to modern times /</subfield>
         <subfield code="r">Salih, Ali Osman Mohamed --</subfield>
         <subfield code="t">Growing up in Gabati : an overview of health /</subfield>
         <subfield code="r">Judd, Margaret --</subfield>
         <subfield code="t">The archaeological and ethnographical reconnaissance in the Sabaloka area (western bank of the Nile, north of Omdurman District) /</subfield>
         <subfield code="r">Ahmed, Siddig Babiker --</subfield>
         <subfield code="t">Rock art from Wadi Abu Dom : recent discoveries of the W.A.D.I. Project (Münster/Germany) /</subfield>
         <subfield code="r">Karberg, Tim --</subfield>
         <subfield code="t">The recent archaeological survey and salvage excavations on the eastern bank of the White Nile, 8th Season : 2009 /</subfield>
         <subfield code="r">Eisa, Khidir Adam --</subfield>
         <subfield code="t">Beyond the fourth cataract : perspectives for research in eastern Sudan /</subfield>
         <subfield code="r">Manzo, Andrea --</subfield>
         <subfield code="t">GIS in archaeology /</subfield>
         <subfield code="r">Salih, Yousif Elobeid elSheikh.</subfield>
         <subfield code="g">Language and linguistics.</subfield>
         <subfield code="t">Language and ethnicity in ancient Sudan /</subfield>
         <subfield code="r">Rilly, Claude --</subfield>
         <subfield code="t">A world heritage alphabet : the role of Old Nubian in the revitalization of the modern Nubian languages /</subfield>
         <subfield code="r">Bell, Herman.</subfield>
      </datafield>
      <datafield tag="651" ind1=" " ind2="0">
         <subfield code="a">Nubia</subfield>
         <subfield code="x">Civilization</subfield>
         <subfield code="v">Congresses.</subfield>
      </datafield>
      <datafield tag="651" ind1=" " ind2="0">
         <subfield code="a">Nubia</subfield>
         <subfield code="x">Antiquities</subfield>
         <subfield code="v">Congresses.</subfield>
      </datafield>
      <datafield tag="650" ind1=" " ind2="0">
         <subfield code="a">Excavations (Archaeology)</subfield>
         <subfield code="z">Nubia.</subfield>
      </datafield>
      <datafield tag="650" ind1=" " ind2="0">
         <subfield code="a">Excavations (Archaeology)</subfield>
         <subfield code="z">Sudan</subfield>
         <subfield code="z">Merowe Dam</subfield>
         <subfield code="v">Congresses.</subfield>
      </datafield>
      <datafield tag="651" ind1=" " ind2="0">
         <subfield code="a">Merowe Dam (Sudan)</subfield>
      </datafield>
      <datafield tag="610" ind1="2" ind2="0">
         <subfield code="a">Merowe Dam Archaeological Salvage Project.</subfield>
      </datafield>
      <datafield tag="700" ind1="1" ind2=" ">
         <subfield code="a">Anderson, Julie R.</subfield>
         <subfield code="e">editor.</subfield>
      </datafield>
      <datafield tag="700" ind1="1" ind2=" ">
         <subfield code="a">Welsby, Derek A.</subfield>
         <subfield code="e">editor.</subfield>
      </datafield>
      <datafield tag="830" ind1=" " ind2="0">
         <subfield code="a">British Museum Publications on Egypt and Sudan ;</subfield>
         <subfield code="v">1.</subfield>
      </datafield>
      <datafield tag="994" ind1=" " ind2=" ">
         <subfield code="a">Z0</subfield>
         <subfield code="b">ZYU</subfield>
      </datafield>
      <datafield tag="OWN" ind1=" " ind2=" ">
         <subfield code="a">GENERAL</subfield>
      </datafield>
      <datafield tag="AVA" ind1=" " ind2=" ">
         <subfield code="a">NYU50</subfield>
         <subfield code="b">BOBST</subfield>
         <subfield code="c">Main Collection</subfield>
         <subfield code="d">DT159.6.N83 I58 2010 Oversize</subfield>
         <subfield code="e">available</subfield>
         <subfield code="t">Available</subfield>
         <subfield code="f">1</subfield>
         <subfield code="g">0</subfield>
         <subfield code="h">N</subfield>
         <subfield code="i">0</subfield>
         <subfield code="j">MAIN</subfield>
         <subfield code="k">0</subfield>
      </datafield>
      <datafield tag="AVA" ind1=" " ind2=" ">
         <subfield code="a">NYU50</subfield>
         <subfield code="b">NISAW</subfield>
         <subfield code="c">Large Collection</subfield>
         <subfield code="d">DT159.6.N83 .I58 2010</subfield>
         <subfield code="e">available</subfield>
         <subfield code="t">Available</subfield>
         <subfield code="f">1</subfield>
         <subfield code="g">0</subfield>
         <subfield code="h">N</subfield>
         <subfield code="i">0</subfield>
         <subfield code="j">LARGE</subfield>
         <subfield code="k">0</subfield>
      </datafield>
      <marc:datafield tag="852" ind1=" " ind2=" ">
         <marc:subfield code="b">Institute for the Study of the Ancient World, </marc:subfield>
         <marc:subfield code="c">Large Collection</marc:subfield>
         <marc:subfield code="e">15 East 84th St., </marc:subfield>
         <marc:subfield code="e">New York, NY  10028</marc:subfield>
      </marc:datafield>
   </record>