
  
  
  
  
  
 
  
  <record xsi:schemaLocation="http://www.loc.gov/MARC21/slim http://www.loc.gov/standards/marcxml/schema/MARC21slim.xsd">
      <leader>00000cam  2200517 a 4500</leader>
      <controlfield tag="FMT">BK</controlfield>
      <controlfield tag="LDR">00000cam  2200517 a 4500</controlfield>
      <controlfield tag="001">004036458</controlfield>
      <controlfield tag="003">OCoLC</controlfield>
      <controlfield tag="005">20140917135629.0</controlfield>
      <controlfield tag="008">140917s2008    iluab    b    001 0 eng d</controlfield>
      <datafield tag="010" ind1=" " ind2=" ">
         <subfield code="a">2008930254</subfield>
      </datafield>
      <datafield tag="020" ind1=" " ind2=" ">
         <subfield code="a">0881040932</subfield>
      </datafield>
      <datafield tag="020" ind1=" " ind2=" ">
         <subfield code="a">9780881040937</subfield>
      </datafield>
      <datafield tag="035" ind1=" " ind2=" ">
         <subfield code="a">(OCoLC)259292744</subfield>
      </datafield>
      <datafield tag="040" ind1=" " ind2=" ">
         <subfield code="a">BUF</subfield>
         <subfield code="b">eng</subfield>
         <subfield code="c">BUF</subfield>
         <subfield code="d">DLC</subfield>
         <subfield code="d">TOZ</subfield>
         <subfield code="d">CDX</subfield>
         <subfield code="d">YDXCP</subfield>
         <subfield code="d">BTCTA</subfield>
         <subfield code="d">IXA</subfield>
         <subfield code="d">OCLCF</subfield>
         <subfield code="d">NNU</subfield>
      </datafield>
      <datafield tag="041" ind1="0" ind2=" ">
         <subfield code="a">eng</subfield>
      </datafield>
      <datafield tag="042" ind1=" " ind2=" ">
         <subfield code="a">lccopycat</subfield>
      </datafield>
      <datafield tag="050" ind1="0" ind2="0">
         <subfield code="a">BL65.A72</subfield>
         <subfield code="b">R44 2008</subfield>
      </datafield>
      <datafield tag="082" ind1="0" ind2="0">
         <subfield code="a">200.9</subfield>
         <subfield code="2">22</subfield>
      </datafield>
      <datafield tag="245" ind1="0" ind2="0">
         <subfield code="a">Religion, archaeology, and the material world /</subfield>
         <subfield code="c">edited by Lars Fogelin.</subfield>
      </datafield>
      <datafield tag="260" ind1=" " ind2=" ">
         <subfield code="a">[Carbondale, Ill.] :</subfield>
         <subfield code="b">Center for Archaeological Investigations, Southern Illinois University Carbondale,</subfield>
         <subfield code="c">c2008.</subfield>
      </datafield>
      <datafield tag="300" ind1=" " ind2=" ">
         <subfield code="a">x, 366 p. :</subfield>
         <subfield code="b">ill., maps ;</subfield>
         <subfield code="c">26 cm.</subfield>
      </datafield>
      <datafield tag="490" ind1="1" ind2=" ">
         <subfield code="a">Occasional paper ;</subfield>
         <subfield code="v">no. 36</subfield>
      </datafield>
      <datafield tag="504" ind1=" " ind2=" ">
         <subfield code="a">Includes bibliographical references and index.</subfield>
      </datafield>
      <datafield tag="505" ind1="0" ind2="0">
         <subfield code="g">Introduction:</subfield>
         <subfield code="t">Methods for the archaeology of religion /</subfield>
         <subfield code="r">Lars Fogelin --</subfield>
         <subfield code="t">Steps toward an archaeology of taboo /</subfield>
         <subfield code="r">Severin M. Fowles --</subfield>
         <subfield code="t">Animism and sacrifice: reconstructing Moche religion through architecture, iconography, and archaeological features /</subfield>
         <subfield code="r">Erica Hill --</subfield>
         <subfield code="t">Tradition in contexts: a reassessment of the canonical acceptance of art as religion in proto-palatial Phaistos /</subfield>
         <subfield code="r">Joanne M.A. Murphy --</subfield>
         <subfield code="t">Re-envisioning ancient Maya ritual assemblages /</subfield>
         <subfield code="r">James E. Brady and Polly A. Peterson --</subfield>
         <subfield code="t">Midwiving meaning: assessing the use of ancient Greek terra-cotta figurines as childbirth votives /</subfield>
         <subfield code="r">Susan Wise --</subfield>
         <subfield code="t">Exploring Inca state religion through material metaphor /</subfield>
         <subfield code="r">Tamara L. Bray --</subfield>
         <subfield code="t">Charcoal as a proxy for use-intensity in ancient Maya cave ritual /</subfield>
         <subfield code="r">Holley Moyes --</subfield>
         <subfield code="t">Capturing mortuary ritual: an attempt to harmonize archaeological method and theory /</subfield>
         <subfield code="r">Liv Nilsson Stutz --</subfield>
         <subfield code="t">Ground truthing ritual: apparent successes and subsequent questions /</subfield>
         <subfield code="r">Barbara A. Crass --</subfield>
         <subfield code="t">Texts in context: praxis and power of funerary rituals among elites in ancient Mesopotamia /</subfield>
         <subfield code="r">Nicola Laneri --</subfield>
         <subfield code="t">Locating American Indian religion at Cahokia and beyond /</subfield>
         <subfield code="r">Thomas E. Emerson, Susan M. Alt, and Timothy R. Pauketat --</subfield>
         <subfield code="t">The "disjunctive approach" to the archaeological analysis of ritual politics /</subfield>
         <subfield code="r">Edward Swenson --</subfield>
         <subfield code="t">Life outside the temple: reconstructing traditional Hawaiian ritual and religion through ritualized practices /</subfield>
         <subfield code="r">Mark D. McCoy --</subfield>
         <subfield code="t">Rock art and the study of ancient religions in southeastern North America /</subfield>
         <subfield code="r">George Sabo III --</subfield>
         <subfield code="t">The context of religion at Cahokia: the Mound 34 case /</subfield>
         <subfield code="r">John E. Kelly, James A. Brown, and Lucretia S. Kelly --</subfield>
         <subfield code="t">Midewiwin myths, Missaukee earthworks: living traditions and material evidence in archaeologies of religion /</subfield>
         <subfield code="r">Meghan C.L. Howey --</subfield>
         <subfield code="t">On text, materiality, and the Tibetan Buddhist religious architecture at Piyang /</subfield>
         <subfield code="r">Mark Aldenderfer.</subfield>
      </datafield>
      <datafield tag="650" ind1=" " ind2="0">
         <subfield code="a">Archaeology and religion.</subfield>
      </datafield>
      <datafield tag="650" ind1=" " ind2="0">
         <subfield code="a">Rites and ceremonies.</subfield>
      </datafield>
      <datafield tag="650" ind1=" " ind2="0">
         <subfield code="a">Excavations (Archaeology)</subfield>
      </datafield>
      <datafield tag="650" ind1=" " ind2="0">
         <subfield code="a">Material culture.</subfield>
      </datafield>
      <datafield tag="650" ind1=" " ind2="7">
         <subfield code="a">Archaeology and religion.</subfield>
         <subfield code="2">fast</subfield>
         <subfield code="0">(OCoLC)fst00813007</subfield>
      </datafield>
      <datafield tag="650" ind1=" " ind2="7">
         <subfield code="a">Excavations (Archaeology)</subfield>
         <subfield code="2">fast</subfield>
         <subfield code="0">(OCoLC)fst00917564</subfield>
      </datafield>
      <datafield tag="650" ind1=" " ind2="7">
         <subfield code="a">Material culture.</subfield>
         <subfield code="2">fast</subfield>
         <subfield code="0">(OCoLC)fst01011739</subfield>
      </datafield>
      <datafield tag="650" ind1=" " ind2="7">
         <subfield code="a">Rites and ceremonies.</subfield>
         <subfield code="2">fast</subfield>
         <subfield code="0">(OCoLC)fst01098216</subfield>
      </datafield>
      <datafield tag="700" ind1="1" ind2=" ">
         <subfield code="a">Fogelin, Lars.</subfield>
      </datafield>
      <datafield tag="830" ind1=" " ind2="0">
         <subfield code="a">Occasional paper (Southern Illinois University Carbondale. Center for Archaeological Investigations) ;</subfield>
         <subfield code="v">no. 36.</subfield>
      </datafield>
      <datafield tag="994" ind1=" " ind2=" ">
         <subfield code="a">Z0</subfield>
         <subfield code="b">ZYU</subfield>
      </datafield>
      <datafield tag="OWN" ind1=" " ind2=" ">
         <subfield code="a">GENERAL</subfield>
      </datafield>
      <datafield tag="AVA" ind1=" " ind2=" ">
         <subfield code="a">NYU50</subfield>
         <subfield code="b">NISAW</subfield>
         <subfield code="c">Small Collection</subfield>
         <subfield code="d">BL65.A72 R44 2008</subfield>
         <subfield code="e">available</subfield>
         <subfield code="t">Available</subfield>
         <subfield code="f">1</subfield>
         <subfield code="g">0</subfield>
         <subfield code="h">N</subfield>
         <subfield code="i">0</subfield>
         <subfield code="j">SMALL</subfield>
         <subfield code="k">0</subfield>
      </datafield>
      <marc:datafield tag="852" ind1=" " ind2=" ">
         <marc:subfield code="b">Institute for the Study of the Ancient World, </marc:subfield>
         <marc:subfield code="c">Small Collection</marc:subfield>
         <marc:subfield code="e">15 East 84th St., </marc:subfield>
         <marc:subfield code="e">New York, NY  10028</marc:subfield>
      </marc:datafield>
   </record>