
  
  
  
  
  
 
  
  <record xsi:schemaLocation="http://www.loc.gov/MARC21/slim http://www.loc.gov/standards/marcxml/schema/MARC21slim.xsd">
      <leader>00000cam  2200493 a 4500</leader>
      <controlfield tag="FMT">BK</controlfield>
      <controlfield tag="LDR">00000cam  2200493 a 4500</controlfield>
      <controlfield tag="001">004036364</controlfield>
      <controlfield tag="003">OCoLC</controlfield>
      <controlfield tag="005">20140917101943.0</controlfield>
      <controlfield tag="008">140917s2014    be ae    b    101 0 eng d</controlfield>
      <datafield tag="015" ind1=" " ind2=" ">
         <subfield code="a">GBB491249</subfield>
         <subfield code="2">bnb</subfield>
      </datafield>
      <datafield tag="016" ind1="7" ind2=" ">
         <subfield code="a">016839513</subfield>
         <subfield code="2">Uk</subfield>
      </datafield>
      <datafield tag="020" ind1=" " ind2=" ">
         <subfield code="a">9782503541044 (hd.bd.)</subfield>
      </datafield>
      <datafield tag="020" ind1=" " ind2=" ">
         <subfield code="a">2503541046 (hd.bd.)</subfield>
      </datafield>
      <datafield tag="035" ind1=" " ind2=" ">
         <subfield code="a">(OCoLC)885180366</subfield>
         <subfield code="z">(OCoLC)869264539</subfield>
      </datafield>
      <datafield tag="040" ind1=" " ind2=" ">
         <subfield code="a">OHX</subfield>
         <subfield code="b">eng</subfield>
         <subfield code="c">OHX</subfield>
         <subfield code="d">BTCTA</subfield>
         <subfield code="d">YDXCP</subfield>
         <subfield code="d">CDX</subfield>
         <subfield code="d">ERASA</subfield>
         <subfield code="d">BRZ</subfield>
         <subfield code="d">UKMGB</subfield>
         <subfield code="d">NNU</subfield>
      </datafield>
      <datafield tag="041" ind1="0" ind2=" ">
         <subfield code="a">eng</subfield>
      </datafield>
      <datafield tag="043" ind1=" " ind2=" ">
         <subfield code="a">aw-----</subfield>
         <subfield code="a">f-ua---</subfield>
      </datafield>
      <datafield tag="050" ind1=" " ind2="4">
         <subfield code="a">NA6081</subfield>
         <subfield code="b">.R42 2014</subfield>
      </datafield>
      <datafield tag="072" ind1=" " ind2="7">
         <subfield code="a">NA</subfield>
         <subfield code="2">lcco</subfield>
      </datafield>
      <datafield tag="072" ind1=" " ind2="7">
         <subfield code="a">BL</subfield>
         <subfield code="2">lcco</subfield>
      </datafield>
      <datafield tag="082" ind1=" " ind2="4">
         <subfield code="a">726.0</subfield>
         <subfield code="b">23</subfield>
      </datafield>
      <datafield tag="245" ind1="0" ind2="0">
         <subfield code="a">Redefining the sacred :</subfield>
         <subfield code="b">religious architecture and text in the Near East and Egypt 1000 BC - AD 300 /</subfield>
         <subfield code="c">edited by Elizabeth Frood and Rubina Raja.</subfield>
      </datafield>
      <datafield tag="260" ind1=" " ind2=" ">
         <subfield code="a">Turnhout :</subfield>
         <subfield code="b">Brepols,</subfield>
         <subfield code="c">2014.</subfield>
      </datafield>
      <datafield tag="300" ind1=" " ind2=" ">
         <subfield code="a">xx, 260 p. :</subfield>
         <subfield code="b">ill. (some col.) ;</subfield>
         <subfield code="c">24 cm.</subfield>
      </datafield>
      <datafield tag="490" ind1="0" ind2=" ">
         <subfield code="a">Beiträge zur Architektur- und Kulturgeschichte ;</subfield>
         <subfield code="v">8</subfield>
         <subfield code="a">Contextualizing the sacred ;</subfield>
         <subfield code="v">v. 1</subfield>
      </datafield>
      <datafield tag="500" ind1=" " ind2=" ">
         <subfield code="a">Proceedings of a workshop held in Oxford in 2009 entitled "Redefining the sacred: religious identity, religious practice, and sacred architecture in the Near East and Egypt, 1000 BC - AD 300."</subfield>
      </datafield>
      <datafield tag="504" ind1=" " ind2=" ">
         <subfield code="a">Includes bibliographical references and index.</subfield>
      </datafield>
      <datafield tag="505" ind1="0" ind2="0">
         <subfield code="t">Introduction : material culture and religious identity in the ancient Near East and Egypt /</subfield>
         <subfield code="r">Frood, Elizabeth, and Rubina Raja --</subfield>
         <subfield code="t">Contextualizing the sacred /</subfield>
         <subfield code="r">Ganzert, Joachim --</subfield>
         <subfield code="t">Sacred topography of the empire : inscribing social order into the cosmic order /</subfield>
         <subfield code="r">Pongratz-Leisten, Beate --</subfield>
         <subfield code="t">Phoenician sacred places in the Meditteranean /</subfield>
         <subfield code="r">Morstadt, Bärbel --</subfield>
         <subfield code="t">Designing the sacred in early Ptolemaic times : a continuum of concepts /</subfield>
         <subfield code="r">Coppens, Filip --</subfield>
         <subfield code="t">The KTMW stele from Zincirli : Syro-Hittite mortuary cult and urban social networks /</subfield>
         <subfield code="r">Herrmann, Virginia Rimmer --</subfield>
         <subfield code="t">Temple and city in Hellenistic Uruk : sacred space and the transformation of late Babylonian society /</subfield>
         <subfield code="r">Baker, Heather D. --</subfield>
         <subfield code="t">Continuity, discontinuity, and change in religious life in southern Syria during the Roman period /</subfield>
         <subfield code="r">Lichtenberger, Achim --</subfield>
         <subfield code="t">The imperial office and the church in Ephrem the Syrian /</subfield>
         <subfield code="r">Menze, Volker.</subfield>
      </datafield>
      <datafield tag="650" ind1=" " ind2="0">
         <subfield code="a">Religious architecture</subfield>
         <subfield code="z">Egypt</subfield>
         <subfield code="x">History</subfield>
         <subfield code="v">Congresses.</subfield>
      </datafield>
      <datafield tag="650" ind1=" " ind2="0">
         <subfield code="a">Religious architecture</subfield>
         <subfield code="z">Middle East</subfield>
         <subfield code="x">History</subfield>
         <subfield code="v">Congresses.</subfield>
      </datafield>
      <datafield tag="650" ind1=" " ind2="0">
         <subfield code="a">Temples</subfield>
         <subfield code="z">Egypt</subfield>
         <subfield code="x">History</subfield>
         <subfield code="v">Congresses.</subfield>
      </datafield>
      <datafield tag="650" ind1=" " ind2="0">
         <subfield code="a">Temples</subfield>
         <subfield code="z">Middle East</subfield>
         <subfield code="x">History</subfield>
         <subfield code="v">Congresses.</subfield>
      </datafield>
      <datafield tag="651" ind1=" " ind2="0">
         <subfield code="a">Egypt</subfield>
         <subfield code="x">Religion</subfield>
         <subfield code="v">Congresses.</subfield>
      </datafield>
      <datafield tag="651" ind1=" " ind2="0">
         <subfield code="a">Middle East</subfield>
         <subfield code="x">Religion</subfield>
         <subfield code="v">Congresses.</subfield>
      </datafield>
      <datafield tag="700" ind1="1" ind2=" ">
         <subfield code="a">Frood, Elizabeth</subfield>
         <subfield code="e">editor.</subfield>
      </datafield>
      <datafield tag="700" ind1="1" ind2=" ">
         <subfield code="a">Raja, Rubina</subfield>
         <subfield code="e">editor.</subfield>
      </datafield>
      <datafield tag="830" ind1=" " ind2="0">
         <subfield code="a">Beiträge zur Architektur- und Kulturgeschichte Leibniz Universität Hannover ;</subfield>
         <subfield code="v">8.</subfield>
      </datafield>
      <datafield tag="830" ind1=" " ind2="0">
         <subfield code="a">Contextualizing the sacred ;</subfield>
         <subfield code="v">v 1.</subfield>
      </datafield>
      <datafield tag="994" ind1=" " ind2=" ">
         <subfield code="a">Z0</subfield>
         <subfield code="b">ZYU</subfield>
      </datafield>
      <datafield tag="OWN" ind1=" " ind2=" ">
         <subfield code="a">GENERAL</subfield>
      </datafield>
      <datafield tag="952" ind1=" " ind2=" ">
         <subfield code="a">885180366</subfield>
         <subfield code="z">OHX</subfield>
         <subfield code="h">Full OCLC member</subfield>
         <subfield code="i">LCC</subfield>
         <subfield code="k">DDC</subfield>
         <subfield code="u">20140905</subfield>
      </datafield>
      <datafield tag="952" ind1=" " ind2=" ">
         <subfield code="a">890654666</subfield>
         <subfield code="z">HUC</subfield>
         <subfield code="b">HEBREW UNION COL</subfield>
         <subfield code="h">Full</subfield>
         <subfield code="i">LCC</subfield>
         <subfield code="k">DDC</subfield>
         <subfield code="u">20140916</subfield>
      </datafield>
      <datafield tag="952" ind1=" " ind2=" ">
         <subfield code="a">890084041</subfield>
         <subfield code="z">HLS</subfield>
         <subfield code="b">HARVARD UNIV, HARVARD COL LIBR</subfield>
         <subfield code="h">Full OCLC member</subfield>
         <subfield code="i">LCC</subfield>
         <subfield code="k">DDC</subfield>
         <subfield code="u">20140906</subfield>
      </datafield>
      <datafield tag="952" ind1=" " ind2=" ">
         <subfield code="a">890342423</subfield>
         <subfield code="z">STF</subfield>
         <subfield code="b">STANFORD UNIV LIBR</subfield>
         <subfield code="h">Full</subfield>
         <subfield code="i">LCC</subfield>
         <subfield code="k">DDC</subfield>
         <subfield code="u">20140916</subfield>
      </datafield>
      <datafield tag="AVA" ind1=" " ind2=" ">
         <subfield code="a">NYU50</subfield>
         <subfield code="b">NISAW</subfield>
         <subfield code="c">Small Collection</subfield>
         <subfield code="d">NA6081 .R42 2014</subfield>
         <subfield code="e">available</subfield>
         <subfield code="t">Available</subfield>
         <subfield code="f">1</subfield>
         <subfield code="g">0</subfield>
         <subfield code="h">N</subfield>
         <subfield code="i">0</subfield>
         <subfield code="j">SMALL</subfield>
         <subfield code="k">0</subfield>
      </datafield>
      <marc:datafield tag="852" ind1=" " ind2=" ">
         <marc:subfield code="b">Institute for the Study of the Ancient World, </marc:subfield>
         <marc:subfield code="c">Small Collection</marc:subfield>
         <marc:subfield code="e">15 East 84th St., </marc:subfield>
         <marc:subfield code="e">New York, NY  10028</marc:subfield>
      </marc:datafield>
   </record>