
  
  
  
  
  
 
  
  <record xsi:schemaLocation="http://www.loc.gov/MARC21/slim http://www.loc.gov/standards/marcxml/schema/MARC21slim.xsd">
      <leader>00000cam  2200481 i 4500</leader>
      <controlfield tag="FMT">BK</controlfield>
      <controlfield tag="LDR">00000cam  2200481 i 4500</controlfield>
      <controlfield tag="001">004036730</controlfield>
      <controlfield tag="003">OCoLC</controlfield>
      <controlfield tag="005">20140918105851.0</controlfield>
      <controlfield tag="008">140918s2014    gw ab    b    100 0 eng c</controlfield>
      <datafield tag="016" ind1="7" ind2=" ">
         <subfield code="a">1048196844</subfield>
         <subfield code="2">GyFmDB</subfield>
      </datafield>
      <datafield tag="020" ind1=" " ind2=" ">
         <subfield code="a">9783447101325 (v. 1 : hd.bd.)</subfield>
      </datafield>
      <datafield tag="020" ind1=" " ind2=" ">
         <subfield code="a">3447101326 (v. 1 : hd.bd.)</subfield>
      </datafield>
      <datafield tag="020" ind1=" " ind2=" ">
         <subfield code="a">9783447101745 (v. 2 : hd.bd.)</subfield>
      </datafield>
      <datafield tag="020" ind1=" " ind2=" ">
         <subfield code="a">3447101741 (v. 2 : hd.bd.)</subfield>
      </datafield>
      <datafield tag="020" ind1=" " ind2=" ">
         <subfield code="a">9783447101752 (v. 3 : hd.bd.)</subfield>
      </datafield>
      <datafield tag="020" ind1=" " ind2=" ">
         <subfield code="a">344710175X (v. 3 : hd.bd.)</subfield>
      </datafield>
      <datafield tag="035" ind1=" " ind2=" ">
         <subfield code="a">(OCoLC)882903623</subfield>
      </datafield>
      <datafield tag="040" ind1=" " ind2=" ">
         <subfield code="a">OHX</subfield>
         <subfield code="b">eng</subfield>
         <subfield code="e">rda</subfield>
         <subfield code="c">OHX</subfield>
         <subfield code="d">BTCTA</subfield>
         <subfield code="d">NOC</subfield>
         <subfield code="d">YDXCP</subfield>
         <subfield code="d">NNU</subfield>
      </datafield>
      <datafield tag="041" ind1="0" ind2=" ">
         <subfield code="a">eng</subfield>
      </datafield>
      <datafield tag="042" ind1=" " ind2=" ">
         <subfield code="a">pcc</subfield>
      </datafield>
      <datafield tag="043" ind1=" " ind2=" ">
         <subfield code="a">aw-----</subfield>
      </datafield>
      <datafield tag="050" ind1=" " ind2="4">
         <subfield code="a">DS56</subfield>
         <subfield code="b">.I56 2012</subfield>
      </datafield>
      <datafield tag="072" ind1=" " ind2="7">
         <subfield code="a">DS</subfield>
         <subfield code="2">lcco</subfield>
      </datafield>
      <datafield tag="072" ind1=" " ind2="7">
         <subfield code="a">GN</subfield>
         <subfield code="2">lcco</subfield>
      </datafield>
      <datafield tag="111" ind1="2" ind2=" ">
         <subfield code="a">International Congress on the Archaeology of the Ancient Near East</subfield>
         <subfield code="n">(8th :</subfield>
         <subfield code="d">2012 :</subfield>
         <subfield code="c">Uniwersytet Warszawski)</subfield>
      </datafield>
      <datafield tag="245" ind1="1" ind2="0">
         <subfield code="a">Proceedings of the 8th International Congress on the Archaeology of the Ancient Near East :</subfield>
         <subfield code="b">10 April-4 May, 2012 University of Warsaw /</subfield>
         <subfield code="c">edited by Piotr Bieliński, Michał Gawlikowski, Rafał Koliński, Dorota Ławecka, Arkadiusz Sołtysiak and Zuzanna Wygnańska.</subfield>
      </datafield>
      <datafield tag="246" ind1="1" ind2="4">
         <subfield code="a">8 ICAANE</subfield>
      </datafield>
      <datafield tag="264" ind1=" " ind2="1">
         <subfield code="a">Wiesbaden :</subfield>
         <subfield code="b">Harrassowitz Verlag,</subfield>
         <subfield code="c">2014.</subfield>
      </datafield>
      <datafield tag="300" ind1=" " ind2=" ">
         <subfield code="a">3 volumes :</subfield>
         <subfield code="b">illustrations, maps ;</subfield>
         <subfield code="c">25 cm</subfield>
      </datafield>
      <datafield tag="336" ind1=" " ind2=" ">
         <subfield code="a">text</subfield>
         <subfield code="b">txt</subfield>
         <subfield code="2">rdacontent</subfield>
      </datafield>
      <datafield tag="337" ind1=" " ind2=" ">
         <subfield code="a">unmediated</subfield>
         <subfield code="b">n</subfield>
         <subfield code="2">rdamedia</subfield>
      </datafield>
      <datafield tag="338" ind1=" " ind2=" ">
         <subfield code="a">volume</subfield>
         <subfield code="b">nc</subfield>
         <subfield code="2">rdacarrier</subfield>
      </datafield>
      <datafield tag="504" ind1=" " ind2=" ">
         <subfield code="a">Includes bibliographical references.</subfield>
      </datafield>
      <datafield tag="505" ind1="2" ind2="0">
         <subfield code="g">Volume 1. Plenary sessions.</subfield>
         <subfield code="t">Opening Speech /</subfield>
         <subfield code="r">Matthiae, Paolo --</subfield>
         <subfield code="t">Fire Altars and Fire Temples in the First Millennia BC/AD in the Iranian World : Some Remarks /</subfield>
         <subfield code="r">Boucharlat, Remy --</subfield>
         <subfield code="t">General Overiew of the Excavation Works and Policies in Turkey /</subfield>
         <subfield code="r">Kocapinar, Abdullah.</subfield>
         <subfield code="g">Townshps and Villages.</subfield>
         <subfield code="t">Symbolic Place-Making and the Emergence of Sedentism in the Early Neolithic of South-East Anatolia : A Review of Evidence and a New Interpretive Framework /</subfield>
         <subfield code="r">Atakuman, Cigdem --</subfield>
         <subfield code="t">A Procession of Chalcolithic Villagers : Reconsidering Hennessy's 'Processional' Wall Pinting from Teleilat Ghassul Jordan /</subfield>
         <subfield code="r">Drabsh, Bernadette --</subfield>
         <subfield code="t">Linking the Mountains to the Plains : The Material Culture and Lifestyle of the Local Communities in Southeastern Anatolia During the Iron Age /</subfield>
         <subfield code="r">Guarducci, Guido --</subfield>
         <subfield code="t">Geo-Politics and Trade in Central Anatolia in the Middle Bronze Age /</subfield>
         <subfield code="r">Palmisano, Alessio --</subfield>
         <subfield code="t">The Road to the Citadel of Kanesh : Urban Structure and Spatial Organization of the City during the Assyrian Colony Period /</subfield>
         <subfield code="r">Makowski, Meciej --</subfield>
         <subfield code="t">The Architectural Sequence at Malatya during the Hittite and Neo-Hittite Periods : a Proposal /</subfield>
         <subfield code="r">Alvaro, Corrado --</subfield>
         <subfield code="t">The Struggle towards Unity : State Building and Settlement Processes in the rise of Urartu-Bianili /</subfield>
         <subfield code="r">Bonzano, Simone --</subfield>
         <subfield code="t">Townships or Villages? : Remarks on Middle Bronze IA in the Southern Levant 39236 /</subfield>
         <subfield code="r">Andrea, Marta d' --</subfield>
         <subfield code="t">Rural-Urban Relations between Tel Zahara and Beth Shean in the Roman and Hellenistic Periods in Palestine /</subfield>
         <subfield code="r">Cohen, Susan --</subfield>
         <subfield code="t">Was Hatra the Second Babylon? /</subfield>
         <subfield code="r">Jakubiak, Krzysztof --</subfield>
         <subfield code="t">Medieval Transformations of the Roman Urban Fabric in Antioch : Study for an Operating History of the City /</subfield>
         <subfield code="r">Rubini, Claudio --</subfield>
         <subfield code="t">Early Neo-Assyrian Dūr Katlimmu /</subfield>
         <subfield code="r">Fügert, Anja [and 3 others] --</subfield>
         <subfield code="t">Early Iron Age Town and Village Life in the Upper Tigris River Valley of Southeastern Turkey /</subfield>
         <subfield code="r">Matney, Timothy --</subfield>
      </datafield>
      <datafield tag="505" ind1="2" ind2="0">
         <subfield code="t">Bronze Age Domestic Architecture in Eastern Syria : Familiar, Social and Economic Implications /</subfield>
         <subfield code="r">Mas, Juliette --</subfield>
         <subfield code="t">Forms of Urban Settlements : Differences and Elaborations of Urban Settlements in the Middle Euphrates Valley /</subfield>
         <subfield code="r">Al-Khaled, Mohammed --</subfield>
         <subfield code="t">Exploring the Outer City of a Major EBA Center : Recent Excavations in the Eastern Extent of Tell Chuera's Lower Town (2005-2010) /</subfield>
         <subfield code="r">Helms, Tobias B. H. --</subfield>
         <subfield code="r">Tamm, Alexander --</subfield>
         <subfield code="t">Seal-Impressed Jars from the Hamrin Valley, Iraq /</subfield>
         <subfield code="r">Renette, Steve --</subfield>
         <subfield code="t">Diachronic Developments at the Central Monumental Complex of Ancient Urkesh (Tell Mozan) /</subfield>
         <subfield code="r">Buccellati, Federico --</subfield>
         <subfield code="t">The life and death of Tell Hazna I settlement /</subfield>
         <subfield code="r">Amirov, Shahmardan --</subfield>
         <subfield code="t">About the first town planning : Near East, 4th-1st millennium /</subfield>
         <subfield code="r">Margueron, Jean-Claude --</subfield>
         <subfield code="t">Tell al Raqa’i and Khafajah : Two Contrasting Ideologies of Economic Exploitation : Territorial Network Control, Internal Subsistence and Urban Systems /</subfield>
         <subfield code="r">Del Bravo, Francesco --</subfield>
         <subfield code="t">Life at the Edge of the Settlement : the MBA-LBA Transition at the Northern and Southern Slope of Tell Barri (NE Syria) /</subfield>
         <subfield code="r">D'Agostino, Anacleto --</subfield>
         <subfield code="r">Coppini, Costanza --</subfield>
         <subfield code="t">High Temples in the Northern Mesopotamian Landscape /</subfield>
         <subfield code="r">Camatta, Patrizia --</subfield>
         <subfield code="t">Early Dynastic Kish – City-State or Country-State? /</subfield>
         <subfield code="r">Ławecka, Dorota.</subfield>
         <subfield code="g">High and Low – Minor Arts for the Elite and for the Populace.</subfield>
         <subfield code="t">Concepts of ‘High’ and ‘Low’ in Ancient Near Eastern Art Theory and Methodology /</subfield>
         <subfield code="r">Di Paolo, Silvana --</subfield>
         <subfield code="t">Can the Definition ‘Popular versus Official’ be Applied to Ancient Near-Eastern Production? /</subfield>
         <subfield code="r">Battini, Laura --</subfield>
         <subfield code="t">Categorizing Images and Objects : Where and How Ancient Artefacts might be Evaluated /</subfield>
         <subfield code="r">Nadali, Davide --</subfield>
         <subfield code="t">Bone Figurative Objects From the Third Millennium Levels of Tell Ashara-Terqa : an Example of Minor Art /</subfield>
         <subfield code="r">Poli, Paola --</subfield>
         <subfield code="t">Minor Arts and Society in the Chalcolithic of the Southern Levant /</subfield>
         <subfield code="r">Milevski, Ianir --</subfield>
         <subfield code="r">Gandulla, Bernardo --</subfield>
      </datafield>
      <datafield tag="505" ind1="2" ind2="0">
         <subfield code="t">Do the Images on the Chalcolithic Ossuaries Comprise Attributes? /</subfield>
         <subfield code="r">Shalem, Dina --</subfield>
         <subfield code="t">Early Clay Technologies : Studies in Early Neolithic Clay Usage from the Central Zagros /</subfield>
         <subfield code="r">Richardson, Amy --</subfield>
         <subfield code="t">Is a Pin Mightier than a Sword? : Metal Items as Grave Goods during the Early Bronze I and II in the Upper Euphrates Valley /</subfield>
         <subfield code="r">Stork, Leigh A. --</subfield>
         <subfield code="t">The Drum Shape from the Burnt Palace of Beycesultan, Level V : A Typical Production of an Unusual Object /</subfield>
         <subfield code="r">Giovannetti, Fabrizio --</subfield>
         <subfield code="t">Cardiophylax en Urartu : Un Modèle Celtibère --</subfield>
         <subfield code="r">Backer, Fabrice de --</subfield>
         <subfield code="t">Bronze Age Anthropomorphic Figurines from Northern and North-Eastern Iran : A Reappraisal in the Light of New Discoveries /</subfield>
         <subfield code="r">Ögüt, Birgül --</subfield>
         <subfield code="r">Piller, Christian Konrad --</subfield>
         <subfield code="t">The Deep Well of the Past : Earliest Seal Impressions from the City of Ur /</subfield>
         <subfield code="r">Charvát, Petr --</subfield>
         <subfield code="t">Temples and Figurines : The Coroplastic from Area HH at Ebla (Syria) during the EB IVB period /</subfield>
         <subfield code="r">Peyronel, Luca --</subfield>
         <subfield code="t">From Models to Chariot /</subfield>
         <subfield code="r">Raccidi, Mattia --</subfield>
         <subfield code="t">On the Wooden Carvings from Ebla : Some Suggestions from Work in Progress /</subfield>
         <subfield code="r">Dolce, Rita --</subfield>
         <subfield code="t">Of Pots and Doves : Some Possible Evidence for Popular Cults in the Ebla Palaces in MB II /</subfield>
         <subfield code="r">Pinnock, Frances --</subfield>
         <subfield code="t">Stone Bar-Handled Bowls : Characteristics and Value /</subfield>
         <subfield code="r">Squitieri, Andrea --</subfield>
         <subfield code="t">The Coroplastic Art of the Persian Tell Mardikh/Ebla : Some Notes on Iconography and Context /</subfield>
         <subfield code="r">Micale, Maria Gabriella.</subfield>
      </datafield>
      <datafield tag="505" ind1="2" ind2="0">
         <subfield code="g">Volume 2. Excavations and progress reports ; Posters --</subfield>
      </datafield>
      <datafield tag="505" ind1="2" ind2="0">
         <subfield code="g">Volume 3. Archaeology of fire ; Conservation, preservation and site management ; Bioarchaeology of the Ancient Near East ; Islamic session ; Selected papers from workshop sessions.</subfield>
      </datafield>
      <datafield tag="651" ind1=" " ind2="0">
         <subfield code="a">Middle East</subfield>
         <subfield code="x">Antiquities</subfield>
         <subfield code="v">Congresses.</subfield>
      </datafield>
      <datafield tag="650" ind1=" " ind2="0">
         <subfield code="a">Excavations (Archaeology)</subfield>
         <subfield code="z">Middle East</subfield>
         <subfield code="v">Congresses.</subfield>
      </datafield>
      <datafield tag="651" ind1=" " ind2="0">
         <subfield code="a">Middle East</subfield>
         <subfield code="x">Civilization</subfield>
         <subfield code="y">To 622</subfield>
         <subfield code="v">Congresses.</subfield>
      </datafield>
      <datafield tag="650" ind1=" " ind2="0">
         <subfield code="a">Islamic civilization</subfield>
         <subfield code="v">Congresses.</subfield>
      </datafield>
      <datafield tag="700" ind1="1" ind2=" ">
         <subfield code="a">Bielinśki, Piotr</subfield>
         <subfield code="e">editor.</subfield>
      </datafield>
      <datafield tag="994" ind1=" " ind2=" ">
         <subfield code="a">Z0</subfield>
         <subfield code="b">ZYU</subfield>
      </datafield>
      <datafield tag="OWN" ind1=" " ind2=" ">
         <subfield code="a">GENERAL</subfield>
      </datafield>
      <datafield tag="AVA" ind1=" " ind2=" ">
         <subfield code="a">NYU50</subfield>
         <subfield code="b">NISAW</subfield>
         <subfield code="c">Small Collection</subfield>
         <subfield code="d">DS56 .I56 2012</subfield>
         <subfield code="e">available</subfield>
         <subfield code="t">Available</subfield>
         <subfield code="f">1</subfield>
         <subfield code="g">0</subfield>
         <subfield code="h">Y</subfield>
         <subfield code="i">0</subfield>
         <subfield code="j">SMALL</subfield>
         <subfield code="k">0</subfield>
      </datafield>
      <marc:datafield tag="852" ind1=" " ind2=" ">
         <marc:subfield code="b">Institute for the Study of the Ancient World, </marc:subfield>
         <marc:subfield code="c">Small Collection</marc:subfield>
         <marc:subfield code="e">15 East 84th St., </marc:subfield>
         <marc:subfield code="e">New York, NY  10028</marc:subfield>
      </marc:datafield>
   </record>