
  
  
  
  
  
  
 
  
  <record xsi:schemaLocation="http://www.loc.gov/MARC21/slim http://www.loc.gov/standards/marcxml/schema/MARC21slim.xsd">
      <leader>00000cam  2200565 i 4500</leader>
      <controlfield tag="FMT">BK</controlfield>
      <controlfield tag="LDR">00000cam  2200565 i 4500</controlfield>
      <controlfield tag="001">004036743</controlfield>
      <controlfield tag="003">OCoLC</controlfield>
      <controlfield tag="005">20140918114009.0</controlfield>
      <controlfield tag="006">m        d</controlfield>
      <controlfield tag="008">140918s2008    gw a     b    010 0 ger c</controlfield>
      <datafield tag="010" ind1=" " ind2=" ">
         <subfield code="a">2008422702</subfield>
      </datafield>
      <datafield tag="015" ind1=" " ind2=" ">
         <subfield code="a">08,A06,2315</subfield>
         <subfield code="2">dnb</subfield>
      </datafield>
      <datafield tag="016" ind1="7" ind2=" ">
         <subfield code="a">98712711X</subfield>
         <subfield code="2">DE-101</subfield>
      </datafield>
      <datafield tag="020" ind1=" " ind2=" ">
         <subfield code="a">9783935012010</subfield>
      </datafield>
      <datafield tag="020" ind1=" " ind2=" ">
         <subfield code="a">3935012012</subfield>
      </datafield>
      <datafield tag="035" ind1=" " ind2=" ">
         <subfield code="a">(OCoLC)263148510</subfield>
      </datafield>
      <datafield tag="040" ind1=" " ind2=" ">
         <subfield code="a">CGU</subfield>
         <subfield code="b">eng</subfield>
         <subfield code="c">CGU</subfield>
         <subfield code="d">DLC</subfield>
         <subfield code="d">HEBIS</subfield>
         <subfield code="d">YUS</subfield>
         <subfield code="d">OCLCQ</subfield>
         <subfield code="d">OCLCF</subfield>
         <subfield code="d">OCLCO</subfield>
         <subfield code="d">NNU</subfield>
      </datafield>
      <datafield tag="041" ind1="0" ind2=" ">
         <subfield code="a">ger</subfield>
         <subfield code="a">fre</subfield>
      </datafield>
      <datafield tag="042" ind1=" " ind2=" ">
         <subfield code="a">pcc</subfield>
      </datafield>
      <datafield tag="043" ind1=" " ind2=" ">
         <subfield code="a">f-ua---</subfield>
      </datafield>
      <datafield tag="050" ind1="0" ind2="0">
         <subfield code="a">DT61</subfield>
         <subfield code="b">.D55 2008</subfield>
      </datafield>
      <datafield tag="082" ind1="0" ind2="4">
         <subfield code="a">932</subfield>
         <subfield code="2">22/ger</subfield>
      </datafield>
      <datafield tag="245" ind1="0" ind2="0">
         <subfield code="a">Diener des Horus :</subfield>
         <subfield code="b">Festschrift für Dieter Kurth zum 65. Geburtstag /</subfield>
         <subfield code="c">Herausgegeben von Wolfgang Waitkus.</subfield>
      </datafield>
      <datafield tag="260" ind1=" " ind2=" ">
         <subfield code="a">Gladbeck :</subfield>
         <subfield code="b">PeWe-Verlag,</subfield>
         <subfield code="c">2008.</subfield>
      </datafield>
      <datafield tag="300" ind1=" " ind2=" ">
         <subfield code="a">xxi, 306 pages :</subfield>
         <subfield code="b">illustrations ;</subfield>
         <subfield code="c">31 cm +</subfield>
         <subfield code="e">1 CD-ROM (4 3/4 in.).</subfield>
      </datafield>
      <datafield tag="336" ind1=" " ind2=" ">
         <subfield code="a">text</subfield>
         <subfield code="b">txt</subfield>
         <subfield code="2">rdacontent</subfield>
      </datafield>
      <datafield tag="336" ind1=" " ind2=" ">
         <subfield code="a">text</subfield>
         <subfield code="2">rdacontent</subfield>
         <subfield code="3">computer disc</subfield>
      </datafield>
      <datafield tag="337" ind1=" " ind2=" ">
         <subfield code="a">unmediated</subfield>
         <subfield code="b">n</subfield>
         <subfield code="2">rdamedia</subfield>
      </datafield>
      <datafield tag="337" ind1=" " ind2=" ">
         <subfield code="a">computer</subfield>
         <subfield code="b">c</subfield>
         <subfield code="2">rdamedia</subfield>
         <subfield code="3">computer disc</subfield>
      </datafield>
      <datafield tag="338" ind1=" " ind2=" ">
         <subfield code="a">volume</subfield>
         <subfield code="b">nc</subfield>
         <subfield code="2">rdacarrier</subfield>
      </datafield>
      <datafield tag="338" ind1=" " ind2=" ">
         <subfield code="a">computer disc</subfield>
         <subfield code="2">rdacarrier</subfield>
         <subfield code="3">computer disc</subfield>
      </datafield>
      <datafield tag="490" ind1="1" ind2=" ">
         <subfield code="a">Aegyptiaca Hamburgensia ;</subfield>
         <subfield code="v">Bd. 1</subfield>
      </datafield>
      <datafield tag="546" ind1=" " ind2=" ">
         <subfield code="a">Chiefly in German; includes two French and one English contributions.</subfield>
      </datafield>
      <datafield tag="500" ind1=" " ind2=" ">
         <subfield code="a">Accompanied by a CD-ROM containing full text of the book and additional illustrations in PDF format.</subfield>
      </datafield>
      <datafield tag="505" ind1="0" ind2="0">
         <subfield code="t">Biblographie – Dieter Kurth /</subfield>
         <subfield code="r">Effland, Andreas --</subfield>
         <subfield code="t">Die Schreibung des Namens des Erdgottes Geb mit dem Sternzeichen und mit der Zahl 5 /</subfield>
         <subfield code="r">Bedier, Shafia --</subfield>
         <subfield code="t">Horus von Edfu in Philae /</subfield>
         <subfield code="r">Beinlich, Horst --</subfield>
         <subfield code="t">Dreissig Götter der Genese des Tempels /</subfield>
         <subfield code="r">Budde, Dagmar --</subfield>
         <subfield code="t">Le bâton sacré d'Hathor /</subfield>
         <subfield code="r">Cauville, Sylvie --</subfield>
         <subfield code="t">Neue Olympiasieger aus Ägypten /</subfield>
         <subfield code="r">Decker, Wolfgang --</subfield>
         <subfield code="t">Die befestigte Anlage Qal'at al Babên nach den Berichten früher Ägyptenreisender /</subfield>
         <subfield code="r">Effland, Andreas --</subfield>
         <subfield code="t">Neues zur Westgöttin /</subfield>
         <subfield code="r">von Falck, Martin --</subfield>
         <subfield code="r">Martinssen-von Falck, Susanne --</subfield>
         <subfield code="t">Einige Anmerkungen zum Dekorationsprogramm im Osireion von Abydos /</subfield>
         <subfield code="r">Gestermann, Louise --</subfield>
         <subfield code="t">Kemet, Kemet über alles! : Zu Patriotismus, Nationalismus und Rassismus im Alten Ägypten /</subfield>
         <subfield code="r">Graeff, Jan-Peter --</subfield>
         <subfield code="t">Zu Strukturen und Grenzen heiliger Orte und Bereiche im pharaonischen Ägypten /</subfield>
         <subfield code="r">Gundlach, Rolf --</subfield>
         <subfield code="t">Die früheste Zeichnung des Tempels von Esna /</subfield>
         <subfield code="r">Hallof, Jochen --</subfield>
         <subfield code="t">Zu den "Obelisken" des Alten Reiches /</subfield>
         <subfield code="r">Martin, Karl --</subfield>
         <subfield code="t">Spuren auf Stoff /</subfield>
         <subfield code="r">Nauerth, Claudia --</subfield>
         <subfield code="t">Zu einer Bedeutungsvariante von fij "tragen" /</subfield>
         <subfield code="r">Pardey, Eva --</subfield>
         <subfield code="t">Corpus oder membra disiecta? : Zur Sprach- und Redaktionskritik des Papyrus Jumilhac /</subfield>
         <subfield code="r">Quack, Joachim Friedrich --</subfield>
         <subfield code="t">Die Kandake als Stellvertreterin des Vaters (Amun-Re): Zur göttlichen Erscheinung der Königin in Kusch /</subfield>
         <subfield code="r">Radwan, Ali --</subfield>
         <subfield code="t">Colors and Directions /</subfield>
         <subfield code="r">Spalinger, Anthony --</subfield>
         <subfield code="t">Das Apostolat des Eunuchen der Kandake (Apg 8,27) im Glücklichen Arabien und auf der Insel Taprobane (Ceylon) /</subfield>
         <subfield code="r">Stoerk, Lothar --</subfield>
         <subfield code="t">Quelques observations zoologiques et éthologiques du lion d'après les textes des gargouilles d'Edfou /</subfield>
         <subfield code="r">Thiers, Christophe --</subfield>
         <subfield code="t">Die heiligen Schlangen von Edfu /</subfield>
         <subfield code="r">Waitkus, Wolfgang --</subfield>
         <subfield code="t">Das Wirken des Sonnengottes in der Pflanzenwelt – Vorstellungsbilder der "religiösen Poesie" /</subfield>
         <subfield code="r">Wiebach-Koepke, Silvia.</subfield>
      </datafield>
      <datafield tag="600" ind1="1" ind2="0">
         <subfield code="a">Kurth, Dieter.</subfield>
      </datafield>
      <datafield tag="651" ind1=" " ind2="0">
         <subfield code="a">Egypt</subfield>
         <subfield code="x">Antiquities.</subfield>
      </datafield>
      <datafield tag="651" ind1=" " ind2="0">
         <subfield code="a">Egypt</subfield>
         <subfield code="x">Religion.</subfield>
      </datafield>
      <datafield tag="600" ind1="1" ind2="7">
         <subfield code="a">Kurth, Dieter.</subfield>
         <subfield code="2">swd</subfield>
      </datafield>
      <datafield tag="651" ind1=" " ind2="7">
         <subfield code="a">Ägypten &lt;Altertum&gt;</subfield>
         <subfield code="2">swd</subfield>
      </datafield>
      <datafield tag="650" ind1=" " ind2="7">
         <subfield code="a">Antiquities.</subfield>
         <subfield code="2">fast</subfield>
         <subfield code="0">(OCoLC)fst00810745</subfield>
      </datafield>
      <datafield tag="650" ind1=" " ind2="7">
         <subfield code="a">Religion.</subfield>
         <subfield code="2">fast</subfield>
         <subfield code="0">(OCoLC)fst01093763</subfield>
      </datafield>
      <datafield tag="651" ind1=" " ind2="7">
         <subfield code="a">Egypt.</subfield>
         <subfield code="2">fast</subfield>
         <subfield code="0">(OCoLC)fst01208755</subfield>
      </datafield>
      <datafield tag="700" ind1="1" ind2=" ">
         <subfield code="a">Kurth, Dieter.</subfield>
      </datafield>
      <datafield tag="700" ind1="1" ind2=" ">
         <subfield code="a">Waitkus, Wolfgang</subfield>
         <subfield code="e">editor.</subfield>
      </datafield>
      <datafield tag="830" ind1=" " ind2="0">
         <subfield code="a">Aegyptiaca Hamburgensia ;</subfield>
         <subfield code="v">Bd. 1.</subfield>
      </datafield>
      <datafield tag="994" ind1=" " ind2=" ">
         <subfield code="a">Z0</subfield>
         <subfield code="b">ZYU</subfield>
      </datafield>
      <datafield tag="OWN" ind1=" " ind2=" ">
         <subfield code="a">GENERAL</subfield>
      </datafield>
      <datafield tag="AVA" ind1=" " ind2=" ">
         <subfield code="a">NYU50</subfield>
         <subfield code="b">NISAW</subfield>
         <subfield code="c">Large Collection</subfield>
         <subfield code="d">DT61 .D55 2008</subfield>
         <subfield code="e">available</subfield>
         <subfield code="t">Available</subfield>
         <subfield code="f">1</subfield>
         <subfield code="g">0</subfield>
         <subfield code="h">N</subfield>
         <subfield code="i">0</subfield>
         <subfield code="j">LARGE</subfield>
         <subfield code="k">0</subfield>
      </datafield>
      <marc:datafield tag="852" ind1=" " ind2=" ">
         <marc:subfield code="b">Institute for the Study of the Ancient World, </marc:subfield>
         <marc:subfield code="c">Large Collection</marc:subfield>
         <marc:subfield code="e">15 East 84th St., </marc:subfield>
         <marc:subfield code="e">New York, NY  10028</marc:subfield>
      </marc:datafield>
   </record>