
  
  
  
  
  
 
  
  <record xsi:schemaLocation="http://www.loc.gov/MARC21/slim http://www.loc.gov/standards/marcxml/schema/MARC21slim.xsd">
      <leader>00000cam  2200925 a 4500</leader>
      <controlfield tag="FMT">BK</controlfield>
      <controlfield tag="LDR">00000cam  2200925 a 4500</controlfield>
      <controlfield tag="001">004038022</controlfield>
      <controlfield tag="003">OCoLC</controlfield>
      <controlfield tag="005">20140922160216.0</controlfield>
      <controlfield tag="008">140922s1993    enkab    b    001 0 eng</controlfield>
      <datafield tag="010" ind1=" " ind2=" ">
         <subfield code="a">92034658</subfield>
      </datafield>
      <datafield tag="015" ind1=" " ind2=" ">
         <subfield code="a">GB93-61688</subfield>
      </datafield>
      <datafield tag="016" ind1="7" ind2=" ">
         <subfield code="a">052-14328</subfield>
         <subfield code="2">uk</subfield>
      </datafield>
      <datafield tag="016" ind1="7" ind2=" ">
         <subfield code="a">b93-61688</subfield>
         <subfield code="2">uk</subfield>
      </datafield>
      <datafield tag="020" ind1=" " ind2=" ">
         <subfield code="a">0521432898 (hardback)</subfield>
      </datafield>
      <datafield tag="020" ind1=" " ind2=" ">
         <subfield code="a">9780521432894 (hardback)</subfield>
      </datafield>
      <datafield tag="035" ind1=" " ind2=" ">
         <subfield code="a">(OCoLC)26761555</subfield>
         <subfield code="z">(OCoLC)29472800</subfield>
      </datafield>
      <datafield tag="040" ind1=" " ind2=" ">
         <subfield code="a">DLC</subfield>
         <subfield code="b">eng</subfield>
         <subfield code="c">DLC</subfield>
         <subfield code="d">UKM</subfield>
         <subfield code="d">NLGGC</subfield>
         <subfield code="d">BTCTA</subfield>
         <subfield code="d">YDXCP</subfield>
         <subfield code="d">BAKER</subfield>
         <subfield code="d">AU@</subfield>
         <subfield code="d">YHM</subfield>
         <subfield code="d">UBC</subfield>
         <subfield code="d">ZWZ</subfield>
         <subfield code="d">ZP2</subfield>
         <subfield code="d">BDX</subfield>
         <subfield code="d">GBVCP</subfield>
         <subfield code="d">OCLCA</subfield>
         <subfield code="d">OCLCF</subfield>
      </datafield>
      <datafield tag="043" ind1=" " ind2=" ">
         <subfield code="a">s-pe---</subfield>
      </datafield>
      <datafield tag="050" ind1="0" ind2="0">
         <subfield code="a">F3429.1.Q85</subfield>
         <subfield code="b">A76 1993</subfield>
      </datafield>
      <datafield tag="082" ind1="0" ind2="0">
         <subfield code="a">985/.292</subfield>
         <subfield code="2">20</subfield>
      </datafield>
      <datafield tag="084" ind1=" " ind2=" ">
         <subfield code="a">15.85</subfield>
         <subfield code="2">bcl</subfield>
      </datafield>
      <datafield tag="100" ind1="1" ind2=" ">
         <subfield code="a">Arnold, Dean E.,</subfield>
         <subfield code="d">1942-</subfield>
      </datafield>
      <datafield tag="245" ind1="1" ind2="0">
         <subfield code="a">Ecology and ceramic production in an Andean community /</subfield>
         <subfield code="c">Dean E. Arnold.</subfield>
      </datafield>
      <datafield tag="260" ind1=" " ind2=" ">
         <subfield code="a">Cambridge [England] ;</subfield>
         <subfield code="a">New York, NY, USA :</subfield>
         <subfield code="b">Cambridge University Press,</subfield>
         <subfield code="c">1993.</subfield>
      </datafield>
      <datafield tag="300" ind1=" " ind2=" ">
         <subfield code="a">xxxi, 278 p. :</subfield>
         <subfield code="b">ill., maps ;</subfield>
         <subfield code="c">26 cm.</subfield>
      </datafield>
      <datafield tag="490" ind1="1" ind2=" ">
         <subfield code="a">New studies in archaeology</subfield>
      </datafield>
      <datafield tag="504" ind1=" " ind2=" ">
         <subfield code="a">Includes bibliographical references (p. 250-264) and index.</subfield>
      </datafield>
      <datafield tag="505" ind1="0" ind2=" ">
         <subfield code="a">The community : its physical environment and adaptation -- The environment and culture history -- Ecological interrelationships of the community of potters -- Ceramic production in Quinua -- Ceramic products and society -- Design correlates of the community -- Design and society -- Archaeological implications : the Ayacucho Valley.</subfield>
      </datafield>
      <datafield tag="520" ind1=" " ind2=" ">
         <subfield code="a">Following the theoretical perspective of his earlier book, Ceramic theory and cultural process (1985), Dean Arnold's ethnoarchaeological study explores the relationships of ceramic production to society and its environment in the Peruvian Andes. The book traces these contemporary linkages through the production, decoration and use of pottery and relates them to the analysis and interpretation of ancient ceramic production. Utilizing an ecological approach within a single community, Arnold expands the scope of previous ceramic theory by focusing on the population as the unit of analysis in production and decoration.</subfield>
      </datafield>
      <datafield tag="650" ind1=" " ind2="0">
         <subfield code="a">Indian pottery</subfield>
         <subfield code="z">Peru</subfield>
         <subfield code="z">Quinua (Huamanga).</subfield>
      </datafield>
      <datafield tag="650" ind1=" " ind2="0">
         <subfield code="a">Indians of South America</subfield>
         <subfield code="z">Peru</subfield>
         <subfield code="z">Ayacucho (Department)</subfield>
         <subfield code="x">Antiquities.</subfield>
      </datafield>
      <datafield tag="651" ind1=" " ind2="0">
         <subfield code="a">Ayacucho (Peru : Department)</subfield>
         <subfield code="x">Antiquities.</subfield>
      </datafield>
      <datafield tag="650" ind1=" " ind2="0">
         <subfield code="a">Human beings</subfield>
         <subfield code="x">Effect of environment on</subfield>
         <subfield code="z">Peru</subfield>
         <subfield code="z">Quinua (Huamanga)</subfield>
      </datafield>
      <datafield tag="651" ind1=" " ind2="0">
         <subfield code="a">Peru</subfield>
         <subfield code="x">Antiquities.</subfield>
      </datafield>
      <datafield tag="650" ind1="1" ind2="7">
         <subfield code="a">Keramiek.</subfield>
         <subfield code="2">gtt</subfield>
      </datafield>
      <datafield tag="650" ind1="1" ind2="7">
         <subfield code="a">Archeologie.</subfield>
         <subfield code="2">gtt</subfield>
      </datafield>
      <datafield tag="650" ind1="1" ind2="7">
         <subfield code="a">Ecologie.</subfield>
         <subfield code="2">gtt</subfield>
      </datafield>
      <datafield tag="650" ind1="1" ind2="7">
         <subfield code="a">Indianen.</subfield>
         <subfield code="2">gtt</subfield>
      </datafield>
      <datafield tag="650" ind1=" " ind2="7">
         <subfield code="a">Céramique précolombienne.</subfield>
         <subfield code="2">ram</subfield>
      </datafield>
      <datafield tag="650" ind1=" " ind2="7">
         <subfield code="a">Indiens d'Amérique</subfield>
         <subfield code="z">Pérou</subfield>
         <subfield code="z">Quinua (Pérou).</subfield>
         <subfield code="2">ram</subfield>
      </datafield>
      <datafield tag="650" ind1=" " ind2="7">
         <subfield code="a">Céramique indienne d'Amérique</subfield>
         <subfield code="z">Quinua (Pérou).</subfield>
         <subfield code="2">ram</subfield>
      </datafield>
      <datafield tag="650" ind1=" " ind2="7">
         <subfield code="a">Homme</subfield>
         <subfield code="x">Effets de l'environnement</subfield>
         <subfield code="z">Quinua (Pérou).</subfield>
         <subfield code="2">ram</subfield>
      </datafield>
      <datafield tag="651" ind1=" " ind2="7">
         <subfield code="a">Pérou</subfield>
         <subfield code="x">Antiquités.</subfield>
         <subfield code="2">ram</subfield>
      </datafield>
      <datafield tag="651" ind1=" " ind2="7">
         <subfield code="a">Ayacucho (Pérou ; département)</subfield>
         <subfield code="x">Antiquités.</subfield>
         <subfield code="2">ram</subfield>
      </datafield>
      <datafield tag="650" ind1=" " ind2="7">
         <subfield code="a">Antiquities.</subfield>
         <subfield code="2">fast</subfield>
         <subfield code="0">(OCoLC)fst00810745</subfield>
      </datafield>
      <datafield tag="650" ind1=" " ind2="7">
         <subfield code="a">Human beings</subfield>
         <subfield code="x">Effect of environment on.</subfield>
         <subfield code="2">fast</subfield>
         <subfield code="0">(OCoLC)fst00962843</subfield>
      </datafield>
      <datafield tag="650" ind1=" " ind2="7">
         <subfield code="a">Indian pottery.</subfield>
         <subfield code="2">fast</subfield>
         <subfield code="0">(OCoLC)fst00969174</subfield>
      </datafield>
      <datafield tag="650" ind1=" " ind2="7">
         <subfield code="a">Indians of South America</subfield>
         <subfield code="x">Antiquities.</subfield>
         <subfield code="2">fast</subfield>
         <subfield code="0">(OCoLC)fst00969969</subfield>
      </datafield>
      <datafield tag="651" ind1=" " ind2="7">
         <subfield code="a">Peru.</subfield>
         <subfield code="2">fast</subfield>
         <subfield code="0">(OCoLC)fst01205190</subfield>
      </datafield>
      <datafield tag="651" ind1=" " ind2="7">
         <subfield code="a">Peru</subfield>
         <subfield code="z">Ayacucho (Department)</subfield>
         <subfield code="2">fast</subfield>
         <subfield code="0">(OCoLC)fst01715144</subfield>
      </datafield>
      <datafield tag="651" ind1=" " ind2="7">
         <subfield code="a">Peru</subfield>
         <subfield code="z">Quinua (Huamanga)</subfield>
         <subfield code="2">fast</subfield>
         <subfield code="0">(OCoLC)fst01312570</subfield>
      </datafield>
      <datafield tag="653" ind1="0" ind2=" ">
         <subfield code="a">Ceramic products</subfield>
         <subfield code="a">Archaeology</subfield>
      </datafield>
      <datafield tag="653" ind1="0" ind2=" ">
         <subfield code="a">Peru</subfield>
      </datafield>
      <datafield tag="830" ind1=" " ind2="0">
         <subfield code="a">New studies in archaeology</subfield>
      </datafield>
      <datafield tag="856" ind1="4" ind2="2">
         <subfield code="3">Publisher description</subfield>
         <subfield code="u">http://catdir.loc.gov/catdir/description/cam025/92034658.html</subfield>
      </datafield>
      <datafield tag="856" ind1="4" ind2="1">
         <subfield code="3">Table of contents</subfield>
         <subfield code="u">http://catdir.loc.gov/catdir/toc/cam028/92034658.html</subfield>
      </datafield>
      <datafield tag="856" ind1="4" ind2="2">
         <subfield code="u">http://www.gbv.de/dms/sub-hamburg/121947947.pdf</subfield>
         <subfield code="3">Inhaltsverzeichnis</subfield>
      </datafield>
      <datafield tag="994" ind1=" " ind2=" ">
         <subfield code="a">Z0</subfield>
         <subfield code="b">ZYU</subfield>
      </datafield>
      <datafield tag="OWN" ind1=" " ind2=" ">
         <subfield code="a">GENERAL</subfield>
      </datafield>
      <datafield tag="AVA" ind1=" " ind2=" ">
         <subfield code="a">NYU50</subfield>
         <subfield code="b">NISAW</subfield>
         <subfield code="c">Small Collection</subfield>
         <subfield code="d">F3429.1.Q85 A76 1993</subfield>
         <subfield code="e">available</subfield>
         <subfield code="t">Available</subfield>
         <subfield code="f">1</subfield>
         <subfield code="g">0</subfield>
         <subfield code="h">N</subfield>
         <subfield code="i">0</subfield>
         <subfield code="j">SMALL</subfield>
         <subfield code="k">0</subfield>
      </datafield>
      <marc:datafield tag="852" ind1=" " ind2=" ">
         <marc:subfield code="b">Institute for the Study of the Ancient World, </marc:subfield>
         <marc:subfield code="c">Small Collection</marc:subfield>
         <marc:subfield code="e">15 East 84th St., </marc:subfield>
         <marc:subfield code="e">New York, NY  10028</marc:subfield>
      </marc:datafield>
   </record>