
  
  
  
  
  
 
  
  <record xsi:schemaLocation="http://www.loc.gov/MARC21/slim http://www.loc.gov/standards/marcxml/schema/MARC21slim.xsd">
      <leader>00000cam  2200517 i 4500</leader>
      <controlfield tag="FMT">BK</controlfield>
      <controlfield tag="LDR">00000cam  2200517 i 4500</controlfield>
      <controlfield tag="001">004037262</controlfield>
      <controlfield tag="003">OCoLC</controlfield>
      <controlfield tag="005">20140923093553.0</controlfield>
      <controlfield tag="008">140919s2014    mauab    b    001 0 eng</controlfield>
      <datafield tag="010" ind1=" " ind2=" ">
         <subfield code="a">2014013742</subfield>
      </datafield>
      <datafield tag="020" ind1=" " ind2=" ">
         <subfield code="a">9780897570732 (acid-free paper)</subfield>
      </datafield>
      <datafield tag="020" ind1=" " ind2=" ">
         <subfield code="a">0897570731 (acid-free paper)</subfield>
      </datafield>
      <datafield tag="035" ind1=" " ind2=" ">
         <subfield code="a">(OCoLC)878050906</subfield>
      </datafield>
      <datafield tag="040" ind1=" " ind2=" ">
         <subfield code="a">DLC</subfield>
         <subfield code="e">rda</subfield>
         <subfield code="b">eng</subfield>
         <subfield code="c">DLC</subfield>
         <subfield code="d">YDX</subfield>
         <subfield code="d">BTCTA</subfield>
         <subfield code="d">YDXCP</subfield>
         <subfield code="d">OCLCO</subfield>
         <subfield code="d">NNU</subfield>
      </datafield>
      <datafield tag="042" ind1=" " ind2=" ">
         <subfield code="a">pcc</subfield>
      </datafield>
      <datafield tag="043" ind1=" " ind2=" ">
         <subfield code="a">a-cy---</subfield>
         <subfield code="a">mm-----</subfield>
      </datafield>
      <datafield tag="050" ind1="0" ind2="0">
         <subfield code="a">DS54.3</subfield>
         <subfield code="b">.C9317 2014</subfield>
      </datafield>
      <datafield tag="082" ind1="0" ind2="0">
         <subfield code="a">956.93/01</subfield>
         <subfield code="2">23</subfield>
      </datafield>
      <datafield tag="245" ind1="0" ind2="0">
         <subfield code="a">Cyprus and the balance of empires :</subfield>
         <subfield code="b">art and archaeology from Justinian I to the Coeur de Lion /</subfield>
         <subfield code="c">edited by Charles Anthony Stewart, Thomas W. Davis, and Annemarie Weyl Carr ; organized by the Cyprus American Archaeological Research Institute.</subfield>
      </datafield>
      <datafield tag="264" ind1=" " ind2="1">
         <subfield code="a">Boston, MA :</subfield>
         <subfield code="b">American Schools of Oriental Research,</subfield>
         <subfield code="c">[2014]</subfield>
      </datafield>
      <datafield tag="300" ind1=" " ind2=" ">
         <subfield code="a">xviii, 268 pages :</subfield>
         <subfield code="b">illustrations (some color), maps (some color) ;</subfield>
         <subfield code="c">29 cm.</subfield>
      </datafield>
      <datafield tag="336" ind1=" " ind2=" ">
         <subfield code="a">text</subfield>
         <subfield code="b">txt</subfield>
         <subfield code="2">rdacontent</subfield>
      </datafield>
      <datafield tag="337" ind1=" " ind2=" ">
         <subfield code="a">unmediated</subfield>
         <subfield code="b">n</subfield>
         <subfield code="2">rdamedia</subfield>
      </datafield>
      <datafield tag="338" ind1=" " ind2=" ">
         <subfield code="a">volume</subfield>
         <subfield code="b">nc</subfield>
         <subfield code="2">rdacarrier</subfield>
      </datafield>
      <datafield tag="490" ind1="1" ind2=" ">
         <subfield code="a">American Schools of Oriental Research Archeological reports ;</subfield>
         <subfield code="v">number 20</subfield>
      </datafield>
      <datafield tag="490" ind1="0" ind2=" ">
         <subfield code="a">CAARI monograph series ;</subfield>
         <subfield code="v">5</subfield>
      </datafield>
      <datafield tag="504" ind1=" " ind2=" ">
         <subfield code="a">Includes bibliographical references and index.</subfield>
      </datafield>
      <datafield tag="505" ind1="0" ind2="0">
         <subfield code="t">The significance of the Basilica at Agioi Pente of Yeroskipou /</subfield>
         <subfield code="r">Michaelides, Demetrios Michaelides --</subfield>
         <subfield code="t">A brief history of Byzantine archaeological research on Cyprus /</subfield>
         <subfield code="r">Davis, Thomas W. --</subfield>
         <subfield code="r">Stewart, Charles Anthony --</subfield>
         <subfield code="t">Christianity in Cyprus in the fourth to seventh centuries /</subfield>
         <subfield code="r">Rapp, Claudia --</subfield>
         <subfield code="t">The Troodos in twilight : a provincial landscape in the time of Justinians /</subfield>
         <subfield code="r">Rautman, Marcus --</subfield>
         <subfield code="t">The north-south divide in Byzantine Cyprus : some evidence from lead seals and coins /</subfield>
         <subfield code="r">Metcalf, D.M. --</subfield>
         <subfield code="t">The Katalymata ton Plakoton : new light from the recent archaeological research in Byzantine Cyprus /</subfield>
         <subfield code="r">Procopiou, Eleni --</subfield>
         <subfield code="t">Chypre et les Arabes avant les Croisades à la lumière des sources Arabes /</subfield>
         <subfield code="r">Mansouri, M. Tahar --</subfield>
         <subfield code="t">The development of Byzantine architecture on Cyprus /</subfield>
         <subfield code="r">Stewart, Charles Anthony --</subfield>
         <subfield code="t">Cypriot icons before the twelfth century /</subfield>
         <subfield code="r">Sophocleous, Sophocles --</subfield>
         <subfield code="t">The stuff of life : the material culture of everyday living on Middle Byzantine Cyprus (11th-12th centuries) /</subfield>
         <subfield code="r">Parani, Maria --</subfield>
         <subfield code="t">Appendix : Compositional analysis of a copper-alloy dish of the Middle Byzantine period in the A. Pitsillides Collection /</subfield>
         <subfield code="r">Kassianidou, Vasiliki --</subfield>
         <subfield code="t">The program of the Panagia Pergaminiotissa : a narrative in perspective /</subfield>
         <subfield code="r">Carr, Annemarie Weyl --</subfield>
         <subfield code="t">Decoding Cyprus from Late Antiquity to the Renaissance : discordant visions, saints, and sacred topography /</subfield>
         <subfield code="r">Papacostas, Tassos.</subfield>
      </datafield>
      <datafield tag="651" ind1=" " ind2="0">
         <subfield code="a">Cyprus</subfield>
         <subfield code="x">Antiquities.</subfield>
      </datafield>
      <datafield tag="651" ind1=" " ind2="0">
         <subfield code="a">Cyprus</subfield>
         <subfield code="x">Civilization.</subfield>
      </datafield>
      <datafield tag="650" ind1=" " ind2="0">
         <subfield code="a">Art, Cypriot</subfield>
         <subfield code="x">History.</subfield>
      </datafield>
      <datafield tag="650" ind1=" " ind2="0">
         <subfield code="a">Architecture</subfield>
         <subfield code="z">Cyprus</subfield>
         <subfield code="x">History</subfield>
         <subfield code="y">To 1500.</subfield>
      </datafield>
      <datafield tag="650" ind1=" " ind2="0">
         <subfield code="a">Material culture</subfield>
         <subfield code="z">Cyprus</subfield>
         <subfield code="x">History</subfield>
         <subfield code="y">To 1500.</subfield>
      </datafield>
      <datafield tag="651" ind1=" " ind2="0">
         <subfield code="a">Cyprus</subfield>
         <subfield code="x">Relations</subfield>
         <subfield code="z">Byzantine Empire.</subfield>
      </datafield>
      <datafield tag="651" ind1=" " ind2="0">
         <subfield code="a">Byzantine Empire</subfield>
         <subfield code="x">Relations</subfield>
         <subfield code="z">Cyprus.</subfield>
      </datafield>
      <datafield tag="651" ind1=" " ind2="0">
         <subfield code="a">Cyprus</subfield>
         <subfield code="x">Religious life and customs.</subfield>
      </datafield>
      <datafield tag="700" ind1="1" ind2=" ">
         <subfield code="a">Stewart, Charles Anthony,</subfield>
         <subfield code="e">editor.</subfield>
      </datafield>
      <datafield tag="700" ind1="1" ind2=" ">
         <subfield code="a">Davis, Thomas W.,</subfield>
         <subfield code="d">1956-</subfield>
         <subfield code="e">editor.</subfield>
      </datafield>
      <datafield tag="700" ind1="1" ind2=" ">
         <subfield code="a">Carr, Annemarie Weyl</subfield>
         <subfield code="e">editor.</subfield>
      </datafield>
      <datafield tag="710" ind1="2" ind2=" ">
         <subfield code="a">Cyprus American Archaeological Research Institute (Nicosia, Cyprus)</subfield>
         <subfield code="e">sponsoring body.</subfield>
      </datafield>
      <datafield tag="830" ind1=" " ind2="0">
         <subfield code="a">American Schools of Oriental Research archaeological reports ;</subfield>
         <subfield code="v">no. 20.</subfield>
      </datafield>
      <datafield tag="830" ind1=" " ind2="0">
         <subfield code="a">Cyprus American Archaeological Research Institute monograph series ;</subfield>
         <subfield code="v">v. 5.</subfield>
      </datafield>
      <datafield tag="994" ind1=" " ind2=" ">
         <subfield code="a">Z0</subfield>
         <subfield code="b">ZYU</subfield>
      </datafield>
      <datafield tag="OWN" ind1=" " ind2=" ">
         <subfield code="a">GENERAL</subfield>
      </datafield>
      <datafield tag="AVA" ind1=" " ind2=" ">
         <subfield code="a">NYU50</subfield>
         <subfield code="b">NISAW</subfield>
         <subfield code="c">Large Collection</subfield>
         <subfield code="d">DS54.3 .C9317 2014</subfield>
         <subfield code="e">available</subfield>
         <subfield code="t">Available</subfield>
         <subfield code="f">1</subfield>
         <subfield code="g">0</subfield>
         <subfield code="h">N</subfield>
         <subfield code="i">0</subfield>
         <subfield code="j">LARGE</subfield>
         <subfield code="k">0</subfield>
      </datafield>
      <marc:datafield tag="852" ind1=" " ind2=" ">
         <marc:subfield code="b">Institute for the Study of the Ancient World, </marc:subfield>
         <marc:subfield code="c">Large Collection</marc:subfield>
         <marc:subfield code="e">15 East 84th St., </marc:subfield>
         <marc:subfield code="e">New York, NY  10028</marc:subfield>
      </marc:datafield>
   </record>