
  
  
  
  
 
  
  <record xsi:schemaLocation="http://www.loc.gov/MARC21/slim http://www.loc.gov/standards/marcxml/schema/MARC21slim.xsd">
      <leader>00000cam  2200649 i 4500</leader>
      <controlfield tag="FMT">BK</controlfield>
      <controlfield tag="LDR">00000cam  2200649 i 4500</controlfield>
      <controlfield tag="001">004038175</controlfield>
      <controlfield tag="003">OCoLC</controlfield>
      <controlfield tag="005">20140923144100.0</controlfield>
      <controlfield tag="008">140923s2014    be a     b    001 0 eng d</controlfield>
      <datafield tag="016" ind1="7" ind2=" ">
         <subfield code="a">016764944</subfield>
         <subfield code="2">Uk</subfield>
      </datafield>
      <datafield tag="020" ind1=" " ind2=" ">
         <subfield code="a">9782503552385</subfield>
      </datafield>
      <datafield tag="020" ind1=" " ind2=" ">
         <subfield code="a">2503552382</subfield>
      </datafield>
      <datafield tag="035" ind1=" " ind2=" ">
         <subfield code="a">(OCoLC)881614452</subfield>
         <subfield code="z">(OCoLC)876349403</subfield>
      </datafield>
      <datafield tag="040" ind1=" " ind2=" ">
         <subfield code="a">NLGGC</subfield>
         <subfield code="b">eng</subfield>
         <subfield code="e">rda</subfield>
         <subfield code="c">NLGGC</subfield>
         <subfield code="d">YDXCP</subfield>
         <subfield code="d">BTCTA</subfield>
         <subfield code="d">ERASA</subfield>
         <subfield code="d">OHX</subfield>
         <subfield code="d">DEBSZ</subfield>
         <subfield code="d">COO</subfield>
         <subfield code="d">OCLCO</subfield>
         <subfield code="d">CDX</subfield>
         <subfield code="d">UKMGB</subfield>
         <subfield code="d">NNU</subfield>
      </datafield>
      <datafield tag="041" ind1="1" ind2=" ">
         <subfield code="a">eng</subfield>
         <subfield code="a">sog</subfield>
         <subfield code="a">syr</subfield>
      </datafield>
      <datafield tag="043" ind1=" " ind2=" ">
         <subfield code="a">e-gx---</subfield>
      </datafield>
      <datafield tag="050" ind1=" " ind2="4">
         <subfield code="a">BS115.S63</subfield>
         <subfield code="b">S56 2014</subfield>
      </datafield>
      <datafield tag="072" ind1=" " ind2="7">
         <subfield code="a">BS</subfield>
         <subfield code="2">lcco</subfield>
      </datafield>
      <datafield tag="072" ind1=" " ind2="7">
         <subfield code="a">PK</subfield>
         <subfield code="2">lcco</subfield>
      </datafield>
      <datafield tag="082" ind1="0" ind2="4">
         <subfield code="a">220.4/3</subfield>
         <subfield code="2">23</subfield>
      </datafield>
      <datafield tag="084" ind1=" " ind2=" ">
         <subfield code="a">18.66</subfield>
         <subfield code="2">bcl</subfield>
      </datafield>
      <datafield tag="100" ind1="1" ind2=" ">
         <subfield code="a">Sims-Williams, Nicholas</subfield>
         <subfield code="e">author.</subfield>
      </datafield>
      <datafield tag="245" ind1="1" ind2="0">
         <subfield code="a">Biblical and other Christian Sogdian texts from the Turfan collection /</subfield>
         <subfield code="c">edited by by Nicholas Sims-Williams ; with contributions by Martin Schwartz and William J. Pittard.</subfield>
      </datafield>
      <datafield tag="264" ind1=" " ind2="1">
         <subfield code="a">Turnhout :</subfield>
         <subfield code="b">Brepols,</subfield>
         <subfield code="c">[2014].</subfield>
      </datafield>
      <datafield tag="300" ind1=" " ind2=" ">
         <subfield code="a">225 pages, XVII pages of plates :</subfield>
         <subfield code="b">illustrations ;</subfield>
         <subfield code="c">30 cm.</subfield>
      </datafield>
      <datafield tag="336" ind1=" " ind2=" ">
         <subfield code="b">txt</subfield>
         <subfield code="2">rdacontent</subfield>
      </datafield>
      <datafield tag="337" ind1=" " ind2=" ">
         <subfield code="b">n</subfield>
         <subfield code="2">rdamedia</subfield>
      </datafield>
      <datafield tag="338" ind1=" " ind2=" ">
         <subfield code="b">nc</subfield>
         <subfield code="2">rdacarrier</subfield>
      </datafield>
      <datafield tag="490" ind1="1" ind2=" ">
         <subfield code="a">Berliner Turfantexte,</subfield>
         <subfield code="x">0138-4228 ;</subfield>
         <subfield code="v">XXXII</subfield>
      </datafield>
      <datafield tag="500" ind1=" " ind2=" ">
         <subfield code="a">At head of title: Berlin-Brandenburgische Akademie der Wissenschaften. Akademienvorhaben Turfanforschung.</subfield>
      </datafield>
      <datafield tag="504" ind1=" " ind2=" ">
         <subfield code="a">Includes bibliographical references (p. 225-235) and indexes.</subfield>
      </datafield>
      <datafield tag="546" ind1=" " ind2=" ">
         <subfield code="a">In English, with some passages in Sogdian and Syriac.</subfield>
      </datafield>
      <datafield tag="630" ind1="0" ind2="0">
         <subfield code="a">Bible.</subfield>
         <subfield code="p">Gospels.</subfield>
         <subfield code="k">Selections.</subfield>
         <subfield code="l">Syriac</subfield>
         <subfield code="x">Peshitta</subfield>
         <subfield code="x">Criticism, interpretation, etc.</subfield>
      </datafield>
      <datafield tag="630" ind1="0" ind2="0">
         <subfield code="a">Bible.</subfield>
         <subfield code="p">Gospels.</subfield>
         <subfield code="k">Selections.</subfield>
         <subfield code="l">Sogdian</subfield>
         <subfield code="x">Peshitta</subfield>
         <subfield code="x">Criticism, interpretation, etc.</subfield>
      </datafield>
      <datafield tag="630" ind1="0" ind2="0">
         <subfield code="a">Bible.</subfield>
         <subfield code="p">Psalms.</subfield>
         <subfield code="k">Selections.</subfield>
         <subfield code="l">Syriac</subfield>
         <subfield code="x">Peshitta</subfield>
         <subfield code="x">Criticism, interpretation, etc.</subfield>
      </datafield>
      <datafield tag="650" ind1=" " ind2="0">
         <subfield code="a">Syriac literature</subfield>
         <subfield code="v">Translations into Sogdian.</subfield>
      </datafield>
      <datafield tag="650" ind1=" " ind2="0">
         <subfield code="a">Christian literature, Sogdian</subfield>
         <subfield code="x">Criticism and interpretation.</subfield>
      </datafield>
      <datafield tag="650" ind1=" " ind2="0">
         <subfield code="a">Manuscripts, Syriac</subfield>
         <subfield code="z">Germany</subfield>
         <subfield code="z">Berlin</subfield>
         <subfield code="v">Facsimiles.</subfield>
      </datafield>
      <datafield tag="650" ind1=" " ind2="0">
         <subfield code="a">Manuscripts, Sogdian</subfield>
         <subfield code="z">Germany</subfield>
         <subfield code="z">Berlin</subfield>
         <subfield code="v">Facsimiles.</subfield>
      </datafield>
      <datafield tag="650" ind1=" " ind2="0">
         <subfield code="a">Manuscripts, Iranian</subfield>
         <subfield code="z">Germany</subfield>
         <subfield code="z">Berlin</subfield>
         <subfield code="x">Catalogs.</subfield>
      </datafield>
      <datafield tag="610" ind1="2" ind2="0">
         <subfield code="a">Turfansammlung.</subfield>
      </datafield>
      <datafield tag="700" ind1="1" ind2=" ">
         <subfield code="a">Schwartz, Martin</subfield>
         <subfield code="e">contributor.</subfield>
      </datafield>
      <datafield tag="700" ind1="1" ind2=" ">
         <subfield code="a">Pittard, William J.,</subfield>
         <subfield code="e">contributor.</subfield>
      </datafield>
      <datafield tag="773" ind1="0" ind2="8">
         <subfield code="i">(MP)</subfield>
         <subfield code="7">nnam</subfield>
         <subfield code="t">Berliner Turfantexte</subfield>
         <subfield code="g">32</subfield>
         <subfield code="w">(NL-LeOCL)167006975</subfield>
      </datafield>
      <datafield tag="830" ind1=" " ind2="0">
         <subfield code="a">Berliner Turfantexte ;</subfield>
         <subfield code="v">32.</subfield>
         <subfield code="x">0138-4228</subfield>
      </datafield>
      <datafield tag="856" ind1="4" ind2=" ">
         <subfield code="3">Inhaltsverzeichnis</subfield>
         <subfield code="u">http://swbplus.bsz-bw.de/bsz409520977inh.htm</subfield>
         <subfield code="v">20140721101859</subfield>
      </datafield>
      <datafield tag="994" ind1=" " ind2=" ">
         <subfield code="a">Z0</subfield>
         <subfield code="b">ZYU</subfield>
      </datafield>
      <datafield tag="OWN" ind1=" " ind2=" ">
         <subfield code="a">GENERAL</subfield>
      </datafield>
      <datafield tag="AVA" ind1=" " ind2=" ">
         <subfield code="a">NYU50</subfield>
         <subfield code="b">NISAW</subfield>
         <subfield code="c">Large Collection</subfield>
         <subfield code="d">BS115.S63 S56 2014</subfield>
         <subfield code="e">available</subfield>
         <subfield code="t">Available</subfield>
         <subfield code="f">1</subfield>
         <subfield code="g">0</subfield>
         <subfield code="h">N</subfield>
         <subfield code="i">0</subfield>
         <subfield code="j">LARGE</subfield>
         <subfield code="k">0</subfield>
      </datafield>
      <marc:datafield tag="852" ind1=" " ind2=" ">
         <marc:subfield code="b">Institute for the Study of the Ancient World, </marc:subfield>
         <marc:subfield code="c">Large Collection</marc:subfield>
         <marc:subfield code="e">15 East 84th St., </marc:subfield>
         <marc:subfield code="e">New York, NY  10028</marc:subfield>
      </marc:datafield>
   </record>