
  
  
  
  
  
 
  
  <record xsi:schemaLocation="http://www.loc.gov/MARC21/slim http://www.loc.gov/standards/marcxml/schema/MARC21slim.xsd">
      <leader>00000cam  2200601 i 4500</leader>
      <controlfield tag="FMT">BK</controlfield>
      <controlfield tag="LDR">00000cam  2200601 i 4500</controlfield>
      <controlfield tag="001">004038198</controlfield>
      <controlfield tag="003">OCoLC</controlfield>
      <controlfield tag="005">20141006160935.0</controlfield>
      <controlfield tag="008">140923s2012    le ab    b    000 0 fre d</controlfield>
      <datafield tag="016" ind1="7" ind2=" ">
         <subfield code="a">016277078</subfield>
         <subfield code="2">Uk</subfield>
      </datafield>
      <datafield tag="020" ind1=" " ind2=" ">
         <subfield code="a">9782351591956</subfield>
      </datafield>
      <datafield tag="020" ind1=" " ind2=" ">
         <subfield code="a">235159195X</subfield>
      </datafield>
      <datafield tag="035" ind1=" " ind2=" ">
         <subfield code="a">(OCoLC)829854759</subfield>
      </datafield>
      <datafield tag="040" ind1=" " ind2=" ">
         <subfield code="a">PUL</subfield>
         <subfield code="b">eng</subfield>
         <subfield code="e">rda</subfield>
         <subfield code="c">PUL</subfield>
         <subfield code="d">PUL</subfield>
         <subfield code="d">OCLCQ</subfield>
         <subfield code="d">NDD</subfield>
         <subfield code="d">PUL</subfield>
         <subfield code="d">OCLCO</subfield>
         <subfield code="d">OCLCA</subfield>
         <subfield code="d">ZCU</subfield>
         <subfield code="d">UKMGB</subfield>
         <subfield code="d">NNU</subfield>
      </datafield>
      <datafield tag="041" ind1="0" ind2=" ">
         <subfield code="a">fre</subfield>
         <subfield code="a">ara</subfield>
      </datafield>
      <datafield tag="043" ind1=" " ind2=" ">
         <subfield code="a">a-sy---</subfield>
      </datafield>
      <datafield tag="050" ind1=" " ind2="4">
         <subfield code="a">DS94.5</subfield>
         <subfield code="b">.F739 2012</subfield>
      </datafield>
      <datafield tag="066" ind1=" " ind2=" ">
         <subfield code="c">(3</subfield>
      </datafield>
      <datafield tag="100" ind1="1" ind2=" ">
         <subfield code="a">Frézouls, Edmond</subfield>
         <subfield code="e">author.</subfield>
      </datafield>
      <datafield tag="245" ind1="1" ind2="3">
         <subfield code="a">Le Théâtre de Cyrrhus :</subfield>
         <subfield code="b">d'après les archives d'Edmond Frézouls /</subfield>
         <subfield code="c">sous la direction de Jeanine Abdul Massih ; avec les contributions de Frédéric Alpi [and four others] = Masraḥ Sīrūs : istinādan ilá wathāʼiq Idmūn Frīzūls / bi-idārat Jānīn ʻAbd al-Masīḥ ; maʻah musāhamat Frīdirīk Albī [and four others].</subfield>
      </datafield>
      <datafield tag="246" ind1="1" ind2="5">
         <subfield code="6">880-01</subfield>
         <subfield code="a">Masraḥ Sīrūs :</subfield>
         <subfield code="b">istinādan ilá wathāʼiq Idmūn Frīzūls</subfield>
      </datafield>
      <datafield tag="264" ind1=" " ind2="1">
         <subfield code="a">Beyrouth :</subfield>
         <subfield code="b">Institut français du Proche-Orient,</subfield>
         <subfield code="c">2012.</subfield>
      </datafield>
      <datafield tag="300" ind1=" " ind2=" ">
         <subfield code="a">521 pages :</subfield>
         <subfield code="b">illustrations (some color), maps ;</subfield>
         <subfield code="c">29 cm.</subfield>
      </datafield>
      <datafield tag="336" ind1=" " ind2=" ">
         <subfield code="a">text</subfield>
         <subfield code="b">txt</subfield>
         <subfield code="2">rdacontent</subfield>
      </datafield>
      <datafield tag="337" ind1=" " ind2=" ">
         <subfield code="a">unmediated</subfield>
         <subfield code="b">n</subfield>
         <subfield code="2">rdamedia</subfield>
      </datafield>
      <datafield tag="338" ind1=" " ind2=" ">
         <subfield code="a">volume</subfield>
         <subfield code="b">nc</subfield>
         <subfield code="2">rdacarrier</subfield>
      </datafield>
      <datafield tag="490" ind1="1" ind2=" ">
         <subfield code="a">Cyrrhus ;</subfield>
         <subfield code="v">1</subfield>
      </datafield>
      <datafield tag="490" ind1="1" ind2=" ">
         <subfield code="a">Bibliothèque archéologique et historique ;</subfield>
         <subfield code="v">t. 196</subfield>
      </datafield>
      <datafield tag="504" ind1=" " ind2=" ">
         <subfield code="a">Includes bibliographical references (pages 429-437).</subfield>
      </datafield>
      <datafield tag="505" ind1="0" ind2="0">
         <subfield code="g">Préface.</subfield>
         <subfield code="t">Activités de la mission française de Cyrrhus, d'après les archives d'Edmond Frézouls /</subfield>
         <subfield code="r">Massih, Jeanine Abdul --</subfield>
         <subfield code="t">Sommaire proposé du volume Cyrrhus I /</subfield>
         <subfield code="r">Frézouls, Edmond.</subfield>
         <subfield code="g">Chapitre 1.</subfield>
         <subfield code="t">Présentation historique de Cyrrhus d'après les notes d'Edmond Frézouls --</subfield>
         <subfield code="t">Cyrrhus dans l'histoire de la Syrie du Nord.</subfield>
         <subfield code="g">Chaptire 2.</subfield>
         <subfield code="t">Le théâtre d'après les notes d'Edmond Frézouls --</subfield>
         <subfield code="t">Le théâtre.</subfield>
         <subfield code="g">Chapitre 3.</subfield>
         <subfield code="t">Nouvelles recherches d'après la documentation graphique et le materiél archéologique de la mission française de Cyrrhus --</subfield>
         <subfield code="t">Les vestiges du décor architectural du théâtre étudiés par Edmond Frézouls /</subfield>
         <subfield code="r">Binninger, Sophie --</subfield>
         <subfield code="t">Catalogue des vestiges du décor architectural du théâtre /</subfield>
         <subfield code="r">Binninger, Sophie --</subfield>
         <subfield code="t">Le chantier de construction du théâtre de Cyrrhus (Syrie) /</subfield>
         <subfield code="r">Bessac, Jean-Claude --</subfield>
         <subfield code="t">Les inscriptions du théâtre /</subfield>
         <subfield code="r">Alpi, Frédéeric --</subfield>
         <subfield code="t">Les sculptures du théâtre de Cyrrhus /</subfield>
         <subfield code="r">Fani, Zeina.</subfield>
         <subfield code="g">Bibliographie.</subfield>
         <subfield code="t">Sources anciennes et médiévales --</subfield>
         <subfield code="t">Études modernes --</subfield>
         <subfield code="t">Glossaire des termes du théâtre --</subfield>
         <subfield code="t">Inscription en arabe sur une colonne de l'orchestre du théâtre de Cyrrhus /</subfield>
         <subfield code="r">Youssef, Assaad --</subfield>
         <subfield code="t">Présentation en Arabe.</subfield>
      </datafield>
      <datafield tag="546" ind1=" " ind2=" ">
         <subfield code="a">Text in French and Arabic.</subfield>
      </datafield>
      <datafield tag="520" ind1="8" ind2=" ">
         <subfield code="a">Ce premier volume de la nouvelle série intitulée Cyrrhus, est consacré aux fouilles de la mission française et, plus particulièrement, aux travaux menés sur le théâtre entre 1952 et 1993. La mission, dirigée par Edmond Frézouls, s'est en effet particulièrement employée au dégagement de lédifice de spectacles, daté par le fouilleur de la deuxième moitié du IIe siècle de notre ère.</subfield>
      </datafield>
      <datafield tag="610" ind1="2" ind2="0">
         <subfield code="a">Theater of Cyrrhus (Syria)</subfield>
         <subfield code="x">History.</subfield>
      </datafield>
      <datafield tag="650" ind1=" " ind2="0">
         <subfield code="a">Theaters</subfield>
         <subfield code="z">Syria</subfield>
         <subfield code="z">Cyrrhus (Extinct city)</subfield>
         <subfield code="x">History.</subfield>
      </datafield>
      <datafield tag="651" ind1=" " ind2="0">
         <subfield code="a">Cyrrhus (Extinct city)</subfield>
      </datafield>
      <datafield tag="650" ind1=" " ind2="0">
         <subfield code="a">Excavations (Archaeology)</subfield>
         <subfield code="z">Syria</subfield>
         <subfield code="z">Cyrrhus (Extinct city)</subfield>
      </datafield>
      <datafield tag="651" ind1=" " ind2="0">
         <subfield code="a">Syria</subfield>
         <subfield code="x">Antiquities, Roman.</subfield>
      </datafield>
      <datafield tag="651" ind1=" " ind2="0">
         <subfield code="a">Syria</subfield>
         <subfield code="x">Antiquities.</subfield>
      </datafield>
      <datafield tag="650" ind1=" " ind2="0">
         <subfield code="a">Extinct cities</subfield>
         <subfield code="z">Syria</subfield>
         <subfield code="x">History.</subfield>
      </datafield>
      <datafield tag="700" ind1="1" ind2=" ">
         <subfield code="6">880-02</subfield>
         <subfield code="a">ʻAbd al-Masīḥ, Jānīn,</subfield>
         <subfield code="e">editor of compilation.</subfield>
      </datafield>
      <datafield tag="700" ind1="1" ind2=" ">
         <subfield code="a">Alpi, Frédéric</subfield>
         <subfield code="e">contributor.</subfield>
      </datafield>
      <datafield tag="700" ind1="1" ind2=" ">
         <subfield code="a">Bessac, Jean-Claude</subfield>
         <subfield code="e">contributor.</subfield>
      </datafield>
      <datafield tag="700" ind1="1" ind2=" ">
         <subfield code="a">Binninger, Sophie</subfield>
         <subfield code="e">contributor.</subfield>
      </datafield>
      <datafield tag="700" ind1="1" ind2=" ">
         <subfield code="6">880-03</subfield>
         <subfield code="a">Fani, Zeina,</subfield>
         <subfield code="e">contributor.</subfield>
      </datafield>
      <datafield tag="700" ind1="1" ind2=" ">
         <subfield code="6">880-04</subfield>
         <subfield code="a">Youssef, Assaad,</subfield>
         <subfield code="e">contributor.</subfield>
      </datafield>
      <datafield tag="710" ind1="2" ind2=" ">
         <subfield code="a">Shelby White and Leon Levy Program for Archaeological Publications (Firm)</subfield>
      </datafield>
      <datafield tag="797" ind1="2" ind2=" ">
         <subfield code="a">White Levy Program Collection.</subfield>
      </datafield>
      <datafield tag="797" ind1="2" ind2=" ">
         <subfield code="a">WLP Collection.</subfield>
      </datafield>
      <datafield tag="880" ind1="1" ind2="5">
         <subfield code="6">246-01/</subfield>
         <subfield code="a">مسرح سيروس :</subfield>
         <subfield code="b">استنادا الى وثائق ادمون فريزولس</subfield>
      </datafield>
      <datafield tag="880" ind1="1" ind2=" ">
         <subfield code="6">700-02/</subfield>
         <subfield code="a">عبد المسيح، جانين،,</subfield>
         <subfield code="e">editor of compilation.</subfield>
      </datafield>
      <datafield tag="880" ind1="1" ind2=" ">
         <subfield code="6">700-03/</subfield>
         <subfield code="a">فاني, زينة,</subfield>
         <subfield code="e">contributor.</subfield>
      </datafield>
      <datafield tag="880" ind1="1" ind2=" ">
         <subfield code="6">700-04/</subfield>
         <subfield code="a">أسعد, يوسف,</subfield>
         <subfield code="e">contributor.</subfield>
      </datafield>
      <datafield tag="830" ind1=" " ind2="0">
         <subfield code="a">Cyrrhus (Series) ;</subfield>
         <subfield code="v">1.</subfield>
      </datafield>
      <datafield tag="830" ind1=" " ind2="0">
         <subfield code="a">Bibliothèque archéologique et historique ;</subfield>
         <subfield code="v">t. 196.</subfield>
      </datafield>
      <datafield tag="994" ind1=" " ind2=" ">
         <subfield code="a">Z0</subfield>
         <subfield code="b">ZYU</subfield>
      </datafield>
      <datafield tag="OWN" ind1=" " ind2=" ">
         <subfield code="a">GENERAL</subfield>
      </datafield>
      <datafield tag="AVA" ind1=" " ind2=" ">
         <subfield code="a">NYU50</subfield>
         <subfield code="b">NISAW</subfield>
         <subfield code="c">Large Collection</subfield>
         <subfield code="d">DS94.5 .F739 2012</subfield>
         <subfield code="e">available</subfield>
         <subfield code="t">Available</subfield>
         <subfield code="f">1</subfield>
         <subfield code="g">0</subfield>
         <subfield code="h">N</subfield>
         <subfield code="i">0</subfield>
         <subfield code="j">LARGE</subfield>
         <subfield code="k">0</subfield>
      </datafield>
      <marc:datafield tag="852" ind1=" " ind2=" ">
         <marc:subfield code="b">Institute for the Study of the Ancient World, </marc:subfield>
         <marc:subfield code="c">Large Collection</marc:subfield>
         <marc:subfield code="e">15 East 84th St., </marc:subfield>
         <marc:subfield code="e">New York, NY  10028</marc:subfield>
      </marc:datafield>
   </record>