
  
  
  
  
  
 
  
  <record xsi:schemaLocation="http://www.loc.gov/MARC21/slim http://www.loc.gov/standards/marcxml/schema/MARC21slim.xsd">
      <leader>00000cam  2200637 a 4500</leader>
      <controlfield tag="FMT">BK</controlfield>
      <controlfield tag="LDR">00000cam  2200637 a 4500</controlfield>
      <controlfield tag="001">004038202</controlfield>
      <controlfield tag="003">OCoLC</controlfield>
      <controlfield tag="005">20140923140918.0</controlfield>
      <controlfield tag="008">140923s2005    cc ab    b    000 0 chi d</controlfield>
      <datafield tag="010" ind1=" " ind2=" ">
         <subfield code="a">2005460078</subfield>
      </datafield>
      <datafield tag="020" ind1=" " ind2=" ">
         <subfield code="a">7501017565</subfield>
      </datafield>
      <datafield tag="020" ind1=" " ind2=" ">
         <subfield code="a">9787501017560</subfield>
      </datafield>
      <datafield tag="035" ind1=" " ind2=" ">
         <subfield code="a">(OCoLC)70138047</subfield>
      </datafield>
      <datafield tag="040" ind1=" " ind2=" ">
         <subfield code="a">LWU</subfield>
         <subfield code="b">eng</subfield>
         <subfield code="c">LWU</subfield>
         <subfield code="d">DLC</subfield>
         <subfield code="d">CLU</subfield>
         <subfield code="d">HUH</subfield>
         <subfield code="d">OCLCF</subfield>
         <subfield code="d">ZYU</subfield>
         <subfield code="d">NNU</subfield>
      </datafield>
      <datafield tag="043" ind1=" " ind2=" ">
         <subfield code="a">a-cc---</subfield>
      </datafield>
      <datafield tag="050" ind1="0" ind2="0">
         <subfield code="a">DS793.N6</subfield>
         <subfield code="b">W815 2005</subfield>
      </datafield>
      <datafield tag="066" ind1=" " ind2=" ">
         <subfield code="c">$1</subfield>
      </datafield>
      <datafield tag="100" ind1="1" ind2=" ">
         <subfield code="a">Wu, Rengxiang</subfield>
         <subfield code="6">880-01</subfield>
      </datafield>
      <datafield tag="245" ind1="1" ind2="0">
         <subfield code="6">880-02</subfield>
         <subfield code="a">Hexi Han sai diao cha yu yan jiu /</subfield>
         <subfield code="c">Wu Rengxiang zhu.</subfield>
      </datafield>
      <datafield tag="250" ind1=" " ind2=" ">
         <subfield code="6">880-03</subfield>
         <subfield code="a">Di 1 ban.</subfield>
      </datafield>
      <datafield tag="260" ind1=" " ind2=" ">
         <subfield code="6">880-04</subfield>
         <subfield code="a">Beijing :</subfield>
         <subfield code="b">Wen wu chu ban she,</subfield>
         <subfield code="c">2005.</subfield>
      </datafield>
      <datafield tag="300" ind1=" " ind2=" ">
         <subfield code="a">12, 2, 209 p. :</subfield>
         <subfield code="b">ill., maps ;</subfield>
         <subfield code="c">27 cm. +</subfield>
         <subfield code="e">3 maps.</subfield>
      </datafield>
      <datafield tag="500" ind1=" " ind2=" ">
         <subfield code="6">880-05</subfield>
         <subfield code="a">"Ji nian Gansu Sheng wen wu kao gu yan jiu suo cheng li 20 zhou nian."</subfield>
      </datafield>
      <datafield tag="500" ind1=" " ind2=" ">
         <subfield code="a">Three maps in envelope.</subfield>
      </datafield>
      <datafield tag="504" ind1=" " ind2=" ">
         <subfield code="a">Includes bibliographical references.</subfield>
      </datafield>
      <datafield tag="520" ind1=" " ind2=" ">
         <subfield code="6">880-06</subfield>
         <subfield code="a">Ben shu shi yi bu guan yu Hexi Diqu Han sai yi zhi jiao wei quan mian de diao cha bao gao. Shu zhong dui Hexi Han sai ji feng sui yi zhi zhu yi xiang shi ji lu, bing zai quan mian fen xi zhu feng xui yi zhi de ji chu shang zuo chu le he li de tui lun.</subfield>
      </datafield>
      <datafield tag="505" ind1="0" ind2=" ">
         <subfield code="6">880-07</subfield>
         <subfield code="a">Hexi de zi ran di li yu li shi di li -- Wu Di kai fa Hexi de yuan you he Hexi Han sai xing zhu de shi jian -- Lingju zhi Jiuquan sai -- Jiuquan zhi Yumen sai -- Zhangye zhi Yuyan sai he Wuwei zhi Xiutu sai -- Aowei zhi Xuci sai -- Dui Hexi Han sai de ji dai ren shi.</subfield>
      </datafield>
      <datafield tag="650" ind1=" " ind2="0">
         <subfield code="a">Historic sites</subfield>
         <subfield code="z">China, Northwest.</subfield>
      </datafield>
      <datafield tag="651" ind1=" " ind2="0">
         <subfield code="a">China, Northwest</subfield>
         <subfield code="x">Antiquities.</subfield>
      </datafield>
      <datafield tag="650" ind1=" " ind2="7">
         <subfield code="a">Antiquities.</subfield>
         <subfield code="2">fast</subfield>
         <subfield code="0">(OCoLC)fst00810745</subfield>
      </datafield>
      <datafield tag="650" ind1=" " ind2="7">
         <subfield code="a">Historic sites.</subfield>
         <subfield code="2">fast</subfield>
         <subfield code="0">(OCoLC)fst00957846</subfield>
      </datafield>
      <datafield tag="651" ind1=" " ind2="7">
         <subfield code="a">China, Northwest.</subfield>
         <subfield code="2">fast</subfield>
         <subfield code="0">(OCoLC)fst01692654</subfield>
      </datafield>
      <datafield tag="710" ind1="2" ind2=" ">
         <subfield code="a">Gansu Sheng wen wu kao gu yan jiu suo</subfield>
         <subfield code="6">880-08</subfield>
      </datafield>
      <datafield tag="776" ind1="0" ind2="8">
         <subfield code="i">Online version:</subfield>
         <subfield code="a">Wu, Rengxiang.</subfield>
         <subfield code="t">Hexi Han sai diao cha yu yan jiu.</subfield>
         <subfield code="b">Di 1 ban.</subfield>
         <subfield code="d">Beijing : Wen wu chu ban she, 2005</subfield>
         <subfield code="w">(OCoLC)676720571</subfield>
      </datafield>
      <datafield tag="880" ind1="1" ind2=" ">
         <subfield code="6">100-01/</subfield>
         <subfield code="a">吴礽骧.</subfield>
      </datafield>
      <datafield tag="880" ind1="1" ind2="0">
         <subfield code="6">245-02/</subfield>
         <subfield code="a">河西漢塞調查與研究 /</subfield>
         <subfield code="c">吴礽骧著.</subfield>
      </datafield>
      <datafield tag="880" ind1=" " ind2=" ">
         <subfield code="6">250-03/</subfield>
         <subfield code="a">第1版.</subfield>
      </datafield>
      <datafield tag="880" ind1=" " ind2=" ">
         <subfield code="6">260-04/</subfield>
         <subfield code="a">北京 :</subfield>
         <subfield code="b">文物出版社,</subfield>
         <subfield code="c">2005.</subfield>
      </datafield>
      <datafield tag="880" ind1=" " ind2=" ">
         <subfield code="6">500-05/</subfield>
         <subfield code="a">"纪念甘肃省文物考古研究所成立20周年."</subfield>
      </datafield>
      <datafield tag="880" ind1=" " ind2=" ">
         <subfield code="6">520-06/</subfield>
         <subfield code="a">本书是一部关于河西地区汉塞遗址较为全面的调查报告. 书中对河西汉塞及烽燧遗址逐一翔实记录, 并在全面分析诸烽燧遗址的基础上做出了合理的推论.</subfield>
      </datafield>
      <datafield tag="880" ind1="0" ind2=" ">
         <subfield code="6">505-07/</subfield>
         <subfield code="a">河西的自然地理与历史地理 -- 武帝开发河西的缘由和河西汉塞兴筑的时间 -- 令居至酒泉塞 -- 酒泉至玉门塞 -- 张掖至居延塞和武威至休屠塞 -- 媼围至壻次塞 -- 对河西汉塞的几点认识.</subfield>
      </datafield>
      <datafield tag="880" ind1="2" ind2=" ">
         <subfield code="6">710-08/</subfield>
         <subfield code="a">甘肃省文物考古研究所.</subfield>
      </datafield>
      <datafield tag="994" ind1=" " ind2=" ">
         <subfield code="a">Z0</subfield>
         <subfield code="b">ZYU</subfield>
      </datafield>
      <datafield tag="OWN" ind1=" " ind2=" ">
         <subfield code="a">GENERAL</subfield>
      </datafield>
      <datafield tag="AVA" ind1=" " ind2=" ">
         <subfield code="a">NYU50</subfield>
         <subfield code="b">NISAW</subfield>
         <subfield code="c">Small Collection</subfield>
         <subfield code="d">DS793.N6 W815 2005</subfield>
         <subfield code="e">available</subfield>
         <subfield code="t">Available</subfield>
         <subfield code="f">1</subfield>
         <subfield code="g">0</subfield>
         <subfield code="h">N</subfield>
         <subfield code="i">0</subfield>
         <subfield code="j">SMALL</subfield>
         <subfield code="k">0</subfield>
      </datafield>
      <marc:datafield tag="852" ind1=" " ind2=" ">
         <marc:subfield code="b">Institute for the Study of the Ancient World, </marc:subfield>
         <marc:subfield code="c">Small Collection</marc:subfield>
         <marc:subfield code="e">15 East 84th St., </marc:subfield>
         <marc:subfield code="e">New York, NY  10028</marc:subfield>
      </marc:datafield>
   </record>