
  
  
  
  
  
 
  
  <record xsi:schemaLocation="http://www.loc.gov/MARC21/slim http://www.loc.gov/standards/marcxml/schema/MARC21slim.xsd">
      <leader>00000cam  2200805 a 4500</leader>
      <controlfield tag="FMT">BK</controlfield>
      <controlfield tag="LDR">00000cam  2200805 a 4500</controlfield>
      <controlfield tag="001">004038232</controlfield>
      <controlfield tag="003">OCoLC</controlfield>
      <controlfield tag="005">20140923161058.0</controlfield>
      <controlfield tag="008">140923s2000    cc abf   b    000 0 chi d</controlfield>
      <datafield tag="010" ind1=" " ind2=" ">
         <subfield code="a">2002477591</subfield>
      </datafield>
      <datafield tag="020" ind1=" " ind2=" ">
         <subfield code="a">7501012326</subfield>
      </datafield>
      <datafield tag="020" ind1=" " ind2=" ">
         <subfield code="a">9787501012329</subfield>
      </datafield>
      <datafield tag="035" ind1=" " ind2=" ">
         <subfield code="a">(OCoLC)47157026</subfield>
      </datafield>
      <datafield tag="040" ind1=" " ind2=" ">
         <subfield code="a">ICU-FE</subfield>
         <subfield code="b">eng</subfield>
         <subfield code="c">DLC</subfield>
         <subfield code="d">AU@</subfield>
         <subfield code="d">CLU</subfield>
         <subfield code="d">HUH</subfield>
         <subfield code="d">OCLCF</subfield>
         <subfield code="d">OCLCO</subfield>
         <subfield code="d">BCBTC</subfield>
         <subfield code="d">NNU</subfield>
      </datafield>
      <datafield tag="041" ind1="0" ind2=" ">
         <subfield code="a">chi</subfield>
         <subfield code="b">eng</subfield>
      </datafield>
      <datafield tag="042" ind1=" " ind2=" ">
         <subfield code="a">lccopycat</subfield>
      </datafield>
      <datafield tag="043" ind1=" " ind2=" ">
         <subfield code="a">a-cc-sm</subfield>
      </datafield>
      <datafield tag="050" ind1="0" ind2="0">
         <subfield code="a">GN776.32.C6</subfield>
         <subfield code="b">F867 2000</subfield>
      </datafield>
      <datafield tag="050" ind1="1" ind2="4">
         <subfield code="a">DS796.S26</subfield>
         <subfield code="b">Q56 2000</subfield>
      </datafield>
      <datafield tag="066" ind1=" " ind2=" ">
         <subfield code="c">$1</subfield>
      </datafield>
      <datafield tag="082" ind1="0" ind2="4">
         <subfield code="a">931.01</subfield>
         <subfield code="2">22</subfield>
      </datafield>
      <datafield tag="245" ind1="0" ind2="0">
         <subfield code="6">880-01</subfield>
         <subfield code="a">Fuquan Shan :</subfield>
         <subfield code="b">Xin shi qi shi dai yi zhi fa jue bao gao /</subfield>
         <subfield code="c">Shanghai Shi wen wu guan li wei yuan hui ; zhu bian Huang Xuanpei.</subfield>
      </datafield>
      <datafield tag="246" ind1="3" ind2="0">
         <subfield code="6">880-02</subfield>
         <subfield code="a">Xin shi qi shi dai yi zhi fa jue bao gao</subfield>
      </datafield>
      <datafield tag="246" ind1="1" ind2="5">
         <subfield code="a">Fuquanshan :</subfield>
         <subfield code="b">report on the excavation of the Neolithic site</subfield>
      </datafield>
      <datafield tag="250" ind1=" " ind2=" ">
         <subfield code="6">880-03</subfield>
         <subfield code="a">Di 1 ban.</subfield>
      </datafield>
      <datafield tag="260" ind1=" " ind2=" ">
         <subfield code="6">880-04</subfield>
         <subfield code="a">Beijing :</subfield>
         <subfield code="b">Wen wu chu ban she,</subfield>
         <subfield code="c">2000.</subfield>
      </datafield>
      <datafield tag="300" ind1=" " ind2=" ">
         <subfield code="a">10, 220 p., 40, 58 p. of plates :</subfield>
         <subfield code="b">ill. (some col.), maps ;</subfield>
         <subfield code="c">27 cm.</subfield>
      </datafield>
      <datafield tag="546" ind1=" " ind2=" ">
         <subfield code="a">Abstract in English.</subfield>
      </datafield>
      <datafield tag="504" ind1=" " ind2=" ">
         <subfield code="a">Includes bibliographical references.</subfield>
      </datafield>
      <datafield tag="650" ind1=" " ind2="0">
         <subfield code="a">Liangzhu culture.</subfield>
      </datafield>
      <datafield tag="651" ind1=" " ind2="0">
         <subfield code="a">Fuquan Mound (China)</subfield>
      </datafield>
      <datafield tag="650" ind1=" " ind2="0">
         <subfield code="a">Neolithic period</subfield>
         <subfield code="z">China</subfield>
         <subfield code="z">Fuquan Mound.</subfield>
      </datafield>
      <datafield tag="650" ind1=" " ind2="0">
         <subfield code="a">Antiquities, Prehistoric</subfield>
         <subfield code="z">China</subfield>
         <subfield code="z">Qingpu Xian.</subfield>
      </datafield>
      <datafield tag="650" ind1=" " ind2="0">
         <subfield code="a">Excavations (Archaeology)</subfield>
         <subfield code="z">China</subfield>
         <subfield code="z">Qingpu Xian.</subfield>
      </datafield>
      <datafield tag="651" ind1=" " ind2="0">
         <subfield code="a">Qingpu Xian (China)</subfield>
         <subfield code="6">880-05</subfield>
         <subfield code="x">Antiquities.</subfield>
      </datafield>
      <datafield tag="650" ind1=" " ind2="7">
         <subfield code="a">Antiquities.</subfield>
         <subfield code="2">fast</subfield>
         <subfield code="0">(OCoLC)fst00810745</subfield>
      </datafield>
      <datafield tag="650" ind1=" " ind2="7">
         <subfield code="a">Antiquities, Prehistoric.</subfield>
         <subfield code="2">fast</subfield>
         <subfield code="0">(OCoLC)fst00810762</subfield>
      </datafield>
      <datafield tag="650" ind1=" " ind2="7">
         <subfield code="a">Excavations (Archaeology)</subfield>
         <subfield code="2">fast</subfield>
         <subfield code="0">(OCoLC)fst00917564</subfield>
      </datafield>
      <datafield tag="650" ind1=" " ind2="7">
         <subfield code="a">Neolithic period.</subfield>
         <subfield code="2">fast</subfield>
         <subfield code="0">(OCoLC)fst01035813</subfield>
      </datafield>
      <datafield tag="651" ind1=" " ind2="7">
         <subfield code="a">China</subfield>
         <subfield code="z">Fuquan Mound.</subfield>
         <subfield code="2">fast</subfield>
         <subfield code="0">(OCoLC)fst01304229</subfield>
      </datafield>
      <datafield tag="651" ind1=" " ind2="7">
         <subfield code="a">China</subfield>
         <subfield code="z">Qingpu Xian.</subfield>
         <subfield code="2">fast</subfield>
         <subfield code="0">(OCoLC)fst01253687</subfield>
      </datafield>
      <datafield tag="700" ind1="1" ind2=" ">
         <subfield code="a">Huang, Xuanpei</subfield>
         <subfield code="6">880-06</subfield>
      </datafield>
      <datafield tag="710" ind1="2" ind2=" ">
         <subfield code="a">Shanghai Shi wen wu guan li wei yuan hui</subfield>
         <subfield code="6">880-07</subfield>
      </datafield>
      <datafield tag="880" ind1="0" ind2="0">
         <subfield code="6">245-01/</subfield>
         <subfield code="a">福泉山 :</subfield>
         <subfield code="b">新石器时代遗址发掘报告 /</subfield>
         <subfield code="c">上海市文物管理委员会 ; 主编黄宣佩.</subfield>
      </datafield>
      <datafield tag="880" ind1="3" ind2="0">
         <subfield code="6">246-02/</subfield>
         <subfield code="a">新石器时代遗址发掘报告</subfield>
      </datafield>
      <datafield tag="880" ind1=" " ind2=" ">
         <subfield code="6">250-03/</subfield>
         <subfield code="a">第1版.</subfield>
      </datafield>
      <datafield tag="880" ind1=" " ind2=" ">
         <subfield code="6">260-04/</subfield>
         <subfield code="a">北京 :</subfield>
         <subfield code="b">文物出版社,</subfield>
         <subfield code="c">2000.</subfield>
      </datafield>
      <datafield tag="880" ind1=" " ind2="4">
         <subfield code="6">651-05/</subfield>
         <subfield code="a">青浦县 (China)</subfield>
         <subfield code="x">Antiquities.</subfield>
      </datafield>
      <datafield tag="880" ind1="1" ind2=" ">
         <subfield code="6">700-06/</subfield>
         <subfield code="a">黄宣佩.</subfield>
      </datafield>
      <datafield tag="880" ind1="2" ind2=" ">
         <subfield code="6">710-07/</subfield>
         <subfield code="a">上海市文物管理委员会.</subfield>
      </datafield>
      <datafield tag="994" ind1=" " ind2=" ">
         <subfield code="a">Z0</subfield>
         <subfield code="b">ZYU</subfield>
      </datafield>
      <datafield tag="OWN" ind1=" " ind2=" ">
         <subfield code="a">GENERAL</subfield>
      </datafield>
      <datafield tag="AVA" ind1=" " ind2=" ">
         <subfield code="a">NYU50</subfield>
         <subfield code="b">NISAW</subfield>
         <subfield code="c">Small Collection</subfield>
         <subfield code="d">GN776.3.L52 F867 2000</subfield>
         <subfield code="e">available</subfield>
         <subfield code="t">Available</subfield>
         <subfield code="f">1</subfield>
         <subfield code="g">0</subfield>
         <subfield code="h">N</subfield>
         <subfield code="i">0</subfield>
         <subfield code="j">SMALL</subfield>
         <subfield code="k">0</subfield>
      </datafield>
      <marc:datafield tag="852" ind1=" " ind2=" ">
         <marc:subfield code="b">Institute for the Study of the Ancient World, </marc:subfield>
         <marc:subfield code="c">Small Collection</marc:subfield>
         <marc:subfield code="e">15 East 84th St., </marc:subfield>
         <marc:subfield code="e">New York, NY  10028</marc:subfield>
      </marc:datafield>
   </record>