
  
  
  
  
  
 
  
  <record xsi:schemaLocation="http://www.loc.gov/MARC21/slim http://www.loc.gov/standards/marcxml/schema/MARC21slim.xsd">
      <leader>00000cam  2200577 a 4500</leader>
      <controlfield tag="FMT">BK</controlfield>
      <controlfield tag="LDR">00000cam  2200577 a 4500</controlfield>
      <controlfield tag="001">004038757</controlfield>
      <controlfield tag="003">OCoLC</controlfield>
      <controlfield tag="005">20140925112759.0</controlfield>
      <controlfield tag="008">140925s2013    dk       b    001 0 eng d</controlfield>
      <datafield tag="016" ind1="7" ind2=" ">
         <subfield code="a">016551558</subfield>
         <subfield code="2">Uk</subfield>
      </datafield>
      <datafield tag="020" ind1=" " ind2=" ">
         <subfield code="a">9788773043721</subfield>
      </datafield>
      <datafield tag="020" ind1=" " ind2=" ">
         <subfield code="a">8773043729</subfield>
      </datafield>
      <datafield tag="035" ind1=" " ind2=" ">
         <subfield code="a">(OCoLC)861189844</subfield>
      </datafield>
      <datafield tag="040" ind1=" " ind2=" ">
         <subfield code="a">MUU</subfield>
         <subfield code="c">MUU</subfield>
         <subfield code="d">OCLCA</subfield>
         <subfield code="d">OHX</subfield>
         <subfield code="d">UKMGB</subfield>
         <subfield code="d">UAB</subfield>
         <subfield code="d">OCLCF</subfield>
         <subfield code="d">NNU</subfield>
      </datafield>
      <datafield tag="041" ind1="0" ind2=" ">
         <subfield code="a">eng</subfield>
         <subfield code="a">fre</subfield>
      </datafield>
      <datafield tag="050" ind1=" " ind2="4">
         <subfield code="a">B438</subfield>
         <subfield code="b">.A975 2013</subfield>
      </datafield>
      <datafield tag="072" ind1=" " ind2="7">
         <subfield code="a">B</subfield>
         <subfield code="2">lcco</subfield>
      </datafield>
      <datafield tag="245" ind1="0" ind2="0">
         <subfield code="a">Aristotle's Categories in the Byzantine, Arabic and Latin traditions /</subfield>
         <subfield code="c">edited by Sten Ebbesen, John Marenbon, Paul Thom.</subfield>
      </datafield>
      <datafield tag="260" ind1=" " ind2=" ">
         <subfield code="a">[Copenhagen] :</subfield>
         <subfield code="b">Det Kongelige Danske Videnskabernes Selskab,</subfield>
         <subfield code="c">2013.</subfield>
      </datafield>
      <datafield tag="300" ind1=" " ind2=" ">
         <subfield code="a">339 p. ;</subfield>
         <subfield code="c">23 cm.</subfield>
      </datafield>
      <datafield tag="490" ind1="1" ind2=" ">
         <subfield code="a">Scientia Danica. Series H, Humanistica 8 ;</subfield>
         <subfield code="v">v. 5</subfield>
      </datafield>
      <datafield tag="546" ind1=" " ind2=" ">
         <subfield code="a">One article in French.</subfield>
      </datafield>
      <datafield tag="504" ind1=" " ind2=" ">
         <subfield code="a">Includes bibliographical references and indexes.</subfield>
      </datafield>
      <datafield tag="505" ind1="0" ind2="0">
         <subfield code="t">Photios on the non-synonymy of substance : Amphilochia /</subfield>
         <subfield code="r">Bydén, Börje --</subfield>
         <subfield code="t">Aristotle and the icon : the uses of the Categories by Byzantine iconophile writers /</subfield>
         <subfield code="r">Parry, Ken --</subfield>
         <subfield code="t">The Categories in Avicenna : material for developing a developmental account? /</subfield>
         <subfield code="r">Eichner, Heidrun --</subfield>
         <subfield code="t">La substance première d'Averroès entre logique et ontologie /</subfield>
         <subfield code="r">Cerami, Cristina --</subfield>
         <subfield code="t">The tradition of studying the Categories in the early Middle Ages (until c. 1200) : a revised working catalogue of glosses, commentaries and treatises /</subfield>
         <subfield code="r">Marenbon, John --</subfield>
         <subfield code="t">Robert Kilwardby on the simultaneity of correlatives /</subfield>
         <subfield code="r">Thom, Paul --</subfield>
         <subfield code="t">The theories of relations in Medieval commentaries on the Categories (mid-13th to mid-14th century) /</subfield>
         <subfield code="r">Marmo, Costantino --</subfield>
         <subfield code="t">Fourteenth-century debates about the nature of the Categories /</subfield>
         <subfield code="r">Amerini, Fabrizio --</subfield>
         <subfield code="t">The status of categories and its epistemological stakes in the fourteenth century : the case of Blasius of Parma /</subfield>
         <subfield code="r">Biard, Joël --</subfield>
         <subfield code="t">Domingo de Soto on the Categories : words, things, and denominatives /</subfield>
         <subfield code="r">Ashworth, E.J. --</subfield>
         <subfield code="t">Trouble about the fourth species of quality : the forma artificialis between realists and nominalists /</subfield>
         <subfield code="r">Knebel, Sven K. --</subfield>
         <subfield code="t">The Categories in Lutheran Denmark /</subfield>
         <subfield code="r">Ebbesen, Sten.</subfield>
      </datafield>
      <datafield tag="600" ind1="0" ind2="0">
         <subfield code="a">Aristotle.</subfield>
         <subfield code="t">Categoriae.</subfield>
      </datafield>
      <datafield tag="600" ind1="0" ind2="0">
         <subfield code="a">Aristotle</subfield>
         <subfield code="x">Influence.</subfield>
      </datafield>
      <datafield tag="650" ind1=" " ind2="0">
         <subfield code="a">Philosophy, Ancient.</subfield>
      </datafield>
      <datafield tag="650" ind1=" " ind2="0">
         <subfield code="a">Philosophy, Arab.</subfield>
      </datafield>
      <datafield tag="650" ind1=" " ind2="0">
         <subfield code="a">Categories (Philosophy)</subfield>
         <subfield code="x">History.</subfield>
      </datafield>
      <datafield tag="600" ind1="0" ind2="7">
         <subfield code="a">Aristotle.</subfield>
         <subfield code="2">fast</subfield>
         <subfield code="0">(OCoLC)fst00029885</subfield>
      </datafield>
      <datafield tag="630" ind1="0" ind2="7">
         <subfield code="a">Categoriae (Aristotle)</subfield>
         <subfield code="2">fast</subfield>
         <subfield code="0">(OCoLC)fst01357313</subfield>
      </datafield>
      <datafield tag="650" ind1=" " ind2="7">
         <subfield code="a">Categories (Philosophy)</subfield>
         <subfield code="2">fast</subfield>
         <subfield code="0">(OCoLC)fst00849003</subfield>
      </datafield>
      <datafield tag="650" ind1=" " ind2="7">
         <subfield code="a">Influence (Literary, artistic, etc.)</subfield>
         <subfield code="2">fast</subfield>
         <subfield code="0">(OCoLC)fst00972484</subfield>
      </datafield>
      <datafield tag="650" ind1=" " ind2="7">
         <subfield code="a">Philosophy, Ancient.</subfield>
         <subfield code="2">fast</subfield>
         <subfield code="0">(OCoLC)fst01060860</subfield>
      </datafield>
      <datafield tag="650" ind1=" " ind2="7">
         <subfield code="a">Philosophy, Arab.</subfield>
         <subfield code="2">fast</subfield>
         <subfield code="0">(OCoLC)fst01060873</subfield>
      </datafield>
      <datafield tag="655" ind1=" " ind2="7">
         <subfield code="a">History.</subfield>
         <subfield code="2">fast</subfield>
         <subfield code="0">(OCoLC)fst01411628</subfield>
      </datafield>
      <datafield tag="700" ind1="1" ind2=" ">
         <subfield code="a">Ebbesen, Sten.</subfield>
      </datafield>
      <datafield tag="700" ind1="1" ind2=" ">
         <subfield code="a">Marenbon, John.</subfield>
      </datafield>
      <datafield tag="700" ind1="1" ind2=" ">
         <subfield code="a">Thom, Paul.</subfield>
      </datafield>
      <datafield tag="830" ind1=" " ind2="0">
         <subfield code="a">Scientia Danica.</subfield>
         <subfield code="n">Series H,</subfield>
         <subfield code="p">Humanistica 8 ;</subfield>
         <subfield code="v">v. 5.</subfield>
      </datafield>
      <datafield tag="994" ind1=" " ind2=" ">
         <subfield code="a">Z0</subfield>
         <subfield code="b">ZYU</subfield>
      </datafield>
      <datafield tag="OWN" ind1=" " ind2=" ">
         <subfield code="a">GENERAL</subfield>
      </datafield>
      <datafield tag="AVA" ind1=" " ind2=" ">
         <subfield code="a">NYU50</subfield>
         <subfield code="b">NISAW</subfield>
         <subfield code="c">Small Collection</subfield>
         <subfield code="d">B438 .A975 2013</subfield>
         <subfield code="e">available</subfield>
         <subfield code="t">Available</subfield>
         <subfield code="f">1</subfield>
         <subfield code="g">0</subfield>
         <subfield code="h">N</subfield>
         <subfield code="i">0</subfield>
         <subfield code="j">SMALL</subfield>
         <subfield code="k">0</subfield>
      </datafield>
      <marc:datafield tag="852" ind1=" " ind2=" ">
         <marc:subfield code="b">Institute for the Study of the Ancient World, </marc:subfield>
         <marc:subfield code="c">Small Collection</marc:subfield>
         <marc:subfield code="e">15 East 84th St., </marc:subfield>
         <marc:subfield code="e">New York, NY  10028</marc:subfield>
      </marc:datafield>
   </record>