
  
  
  
  
  
 
  
  <record xsi:schemaLocation="http://www.loc.gov/MARC21/slim http://www.loc.gov/standards/marcxml/schema/MARC21slim.xsd">
      <leader>00000cam  2200313 a 4500</leader>
      <controlfield tag="FMT">BK</controlfield>
      <controlfield tag="LDR">00000cam  2200313 a 4500</controlfield>
      <controlfield tag="001">004038767</controlfield>
      <controlfield tag="003">OCoLC</controlfield>
      <controlfield tag="005">20140925115603.0</controlfield>
      <controlfield tag="008">140925s1997    ne ab         000 0 eng d</controlfield>
      <datafield tag="016" ind1="7" ind2=" ">
         <subfield code="a">009883742</subfield>
         <subfield code="2">Uk</subfield>
      </datafield>
      <datafield tag="035" ind1=" " ind2=" ">
         <subfield code="a">(OCoLC)499613206</subfield>
      </datafield>
      <datafield tag="040" ind1=" " ind2=" ">
         <subfield code="a">UKMGB</subfield>
         <subfield code="b">eng</subfield>
         <subfield code="e">rda</subfield>
         <subfield code="c">UKMGB</subfield>
         <subfield code="d">NNU</subfield>
      </datafield>
      <datafield tag="041" ind1="0" ind2=" ">
         <subfield code="a">eng</subfield>
         <subfield code="b">dut</subfield>
      </datafield>
      <datafield tag="043" ind1=" " ind2=" ">
         <subfield code="a">f-ua---</subfield>
      </datafield>
      <datafield tag="050" ind1=" " ind2="4">
         <subfield code="a">DT73.D33</subfield>
         <subfield code="b">K37 1997</subfield>
      </datafield>
      <datafield tag="100" ind1="1" ind2=" ">
         <subfield code="a">Kaper, Olaf E.</subfield>
      </datafield>
      <datafield tag="245" ind1="1" ind2="0">
         <subfield code="a">Temples and gods in Roman Dakhleh :</subfield>
         <subfield code="b">studies in the indigenous cults of an Egyptian oasis /</subfield>
         <subfield code="c">door Olaf Ernst Kaper.</subfield>
      </datafield>
      <datafield tag="260" ind1=" " ind2=" ">
         <subfield code="a">[Netherlands?] :</subfield>
         <subfield code="b">[O.E. Kaper],</subfield>
         <subfield code="c">[c1997]</subfield>
      </datafield>
      <datafield tag="300" ind1=" " ind2=" ">
         <subfield code="a">vii, 216, d pages, 16 pages of plates :</subfield>
         <subfield code="b">illustrations, map ;</subfield>
         <subfield code="c">24 cm.</subfield>
      </datafield>
      <datafield tag="502" ind1=" " ind2=" ">
         <subfield code="a">Thesis (doctoral) -- Rijksuniversiteit te Groningen, 1997.</subfield>
      </datafield>
      <datafield tag="504" ind1=" " ind2=" ">
         <subfield code="a">Includes bibliographical references.</subfield>
      </datafield>
      <datafield tag="546" ind1=" " ind2=" ">
         <subfield code="a">Contains a summary in Dutch.</subfield>
      </datafield>
      <datafield tag="500" ind1=" " ind2=" ">
         <subfield code="a">ISAW copy is the gift of Olaf E. Kaper, and is inscribed by the author.</subfield>
         <subfield code="5">NNU</subfield>
      </datafield>
      <datafield tag="650" ind1=" " ind2="0">
         <subfield code="a">Temples</subfield>
         <subfield code="z">Egypt</subfield>
         <subfield code="z">Dakhla Oasis.</subfield>
      </datafield>
      <datafield tag="651" ind1=" " ind2="0">
         <subfield code="a">Dakhla Oasis (Egypt)</subfield>
         <subfield code="x">Antiquities, Roman.</subfield>
      </datafield>
      <datafield tag="651" ind1=" " ind2="0">
         <subfield code="a">Dakhla Oasis (Egypt)</subfield>
         <subfield code="x">Religion.</subfield>
      </datafield>
      <datafield tag="710" ind1="2" ind2=" ">
         <subfield code="a">Rijksuniversiteit te Groningen.</subfield>
      </datafield>
      <datafield tag="796" ind1="1" ind2=" ">
         <subfield code="a">Kaper, Olaf E.,</subfield>
         <subfield code="e">donor.</subfield>
      </datafield>
      <datafield tag="886" ind1="2" ind2=" ">
         <subfield code="a">910</subfield>
         <subfield code="a">Groningen University</subfield>
         <subfield code="a">Rijksuniversiteit te Groningen</subfield>
         <subfield code="2">ukmarc</subfield>
         <subfield code="b">20</subfield>
         <subfield code="x">See</subfield>
         <subfield code="z">710</subfield>
      </datafield>
      <datafield tag="886" ind1="2" ind2=" ">
         <subfield code="a">910</subfield>
         <subfield code="a">University of Groningen</subfield>
         <subfield code="a">Rijksuniversiteit te Groningen</subfield>
         <subfield code="2">ukmarc</subfield>
         <subfield code="b">20</subfield>
         <subfield code="x">See</subfield>
         <subfield code="z">710</subfield>
      </datafield>
      <datafield tag="886" ind1="2" ind2=" ">
         <subfield code="a">910</subfield>
         <subfield code="a">State University of Groningen</subfield>
         <subfield code="a">Rijksuniversiteit te Groningen</subfield>
         <subfield code="2">ukmarc</subfield>
         <subfield code="b">20</subfield>
         <subfield code="x">See</subfield>
         <subfield code="z">710</subfield>
      </datafield>
      <datafield tag="994" ind1=" " ind2=" ">
         <subfield code="a">Z0</subfield>
         <subfield code="b">ZYU</subfield>
      </datafield>
      <datafield tag="OWN" ind1=" " ind2=" ">
         <subfield code="a">GENERAL</subfield>
      </datafield>
      <datafield tag="AVA" ind1=" " ind2=" ">
         <subfield code="a">NYU50</subfield>
         <subfield code="b">NISAW</subfield>
         <subfield code="c">Small Collection</subfield>
         <subfield code="d">DT73.D33 K37 1997</subfield>
         <subfield code="e">available</subfield>
         <subfield code="t">Available</subfield>
         <subfield code="f">1</subfield>
         <subfield code="g">0</subfield>
         <subfield code="h">N</subfield>
         <subfield code="i">0</subfield>
         <subfield code="j">SMALL</subfield>
         <subfield code="k">0</subfield>
      </datafield>
      <marc:datafield tag="852" ind1=" " ind2=" ">
         <marc:subfield code="b">Institute for the Study of the Ancient World, </marc:subfield>
         <marc:subfield code="c">Small Collection</marc:subfield>
         <marc:subfield code="e">15 East 84th St., </marc:subfield>
         <marc:subfield code="e">New York, NY  10028</marc:subfield>
      </marc:datafield>
   </record>