
  
  
  
  
  
 
  
  <record xsi:schemaLocation="http://www.loc.gov/MARC21/slim http://www.loc.gov/standards/marcxml/schema/MARC21slim.xsd">
      <leader>00000cam  2200493 i 4500</leader>
      <controlfield tag="FMT">BK</controlfield>
      <controlfield tag="LDR">00000cam  2200493 i 4500</controlfield>
      <controlfield tag="001">004039082</controlfield>
      <controlfield tag="003">OCoLC</controlfield>
      <controlfield tag="005">20140926165359.0</controlfield>
      <controlfield tag="008">140926s2015    nyuab    b    001 0 eng</controlfield>
      <datafield tag="010" ind1=" " ind2=" ">
         <subfield code="a">2013025038</subfield>
      </datafield>
      <datafield tag="016" ind1="7" ind2=" ">
         <subfield code="a">016433668</subfield>
         <subfield code="2">Uk</subfield>
      </datafield>
      <datafield tag="020" ind1=" " ind2=" ">
         <subfield code="a">9780415635448 (hardback)</subfield>
      </datafield>
      <datafield tag="020" ind1=" " ind2=" ">
         <subfield code="a">0415635446 (hardback)</subfield>
      </datafield>
      <datafield tag="020" ind1=" " ind2=" ">
         <subfield code="z">9781315852379 (eb)</subfield>
      </datafield>
      <datafield tag="035" ind1=" " ind2=" ">
         <subfield code="a">(OCoLC)785868978</subfield>
      </datafield>
      <datafield tag="040" ind1=" " ind2=" ">
         <subfield code="a">DLC</subfield>
         <subfield code="b">eng</subfield>
         <subfield code="e">rda</subfield>
         <subfield code="c">DLC</subfield>
         <subfield code="d">BTCTA</subfield>
         <subfield code="d">UKMGB</subfield>
         <subfield code="d">OCLCO</subfield>
         <subfield code="d">OCLCF</subfield>
         <subfield code="d">OCLCQ</subfield>
         <subfield code="d">BDX</subfield>
         <subfield code="d">YDXCP</subfield>
         <subfield code="d">NNU</subfield>
      </datafield>
      <datafield tag="042" ind1=" " ind2=" ">
         <subfield code="a">pcc</subfield>
      </datafield>
      <datafield tag="050" ind1="0" ind2="0">
         <subfield code="a">HF5470</subfield>
         <subfield code="b">.H57 2015</subfield>
      </datafield>
      <datafield tag="082" ind1="0" ind2="0">
         <subfield code="a">381.09</subfield>
         <subfield code="2">23</subfield>
      </datafield>
      <datafield tag="084" ind1=" " ind2=" ">
         <subfield code="a">BUS000000</subfield>
         <subfield code="a">BUS023000</subfield>
         <subfield code="a">HIS002000</subfield>
         <subfield code="2">bisacsh</subfield>
      </datafield>
      <datafield tag="245" ind1="0" ind2="2">
         <subfield code="a">A history of market performance :</subfield>
         <subfield code="b">from ancient Babylonia to the modern world /</subfield>
         <subfield code="c">edited by R.J. Van der Spek, Jan Luiten van Zanden, E.S. van Leeuwen.</subfield>
      </datafield>
      <datafield tag="264" ind1=" " ind2="1">
         <subfield code="a">London ;</subfield>
         <subfield code="a">New York :</subfield>
         <subfield code="b">Routledge,</subfield>
         <subfield code="c">2015.</subfield>
      </datafield>
      <datafield tag="300" ind1=" " ind2=" ">
         <subfield code="a">xxii, 590 pages :</subfield>
         <subfield code="b">illustrations, maps,</subfield>
         <subfield code="c">25 cm.</subfield>
      </datafield>
      <datafield tag="336" ind1=" " ind2=" ">
         <subfield code="a">text</subfield>
         <subfield code="b">txt</subfield>
         <subfield code="2">rdacontent</subfield>
      </datafield>
      <datafield tag="337" ind1=" " ind2=" ">
         <subfield code="a">unmediated</subfield>
         <subfield code="b">n</subfield>
         <subfield code="2">rdamedia</subfield>
      </datafield>
      <datafield tag="338" ind1=" " ind2=" ">
         <subfield code="a">volume</subfield>
         <subfield code="b">nc</subfield>
         <subfield code="2">rdacarrier</subfield>
      </datafield>
      <datafield tag="490" ind1="0" ind2=" ">
         <subfield code="a">Routledge explorations in economic history,</subfield>
         <subfield code="v">68</subfield>
      </datafield>
      <datafield tag="505" ind1="0" ind2="0">
         <subfield code="g">An introduction.</subfield>
         <subfield code="t">Markets from Ancient Babylonia to the modern world /</subfield>
         <subfield code="r">Spek, R.J. van der --</subfield>
         <subfield code="r">Leeuwen, Bas van --</subfield>
         <subfield code="t">Zanden, Jan Luiten van --</subfield>
         <subfield code="g">Part 1.</subfield>
         <subfield code="t">Methodology.</subfield>
         <subfield code="t">Market performance in early economics : concepts and empirics, with an application to Babylon /</subfield>
         <subfield code="r">Foldvari, Peter --</subfield>
         <subfield code="r">Leeuwen, Bas van --</subfield>
         <subfield code="t">Analysis of historical time series with messy features : the case of commodity prices in Babylonia /</subfield>
         <subfield code="r">Koopman, Siem Jan --</subfield>
         <subfield code="r">Hoogerheide, Lennart --</subfield>
         <subfield code="t">Market performance and welfare : why price instability hurts /</subfield>
         <subfield code="r">Persson, Karl Gunnar.</subfield>
         <subfield code="g">Part 2.</subfield>
         <subfield code="t">Market performance in Babylonia and the Mediterranean in antiquity.</subfield>
         <subfield code="t">Market performance and market integration in Babylonia in the "long sixth century" BC /</subfield>
         <subfield code="r">Jursa, Michael --</subfield>
         <subfield code="t">Prices and related data from Northern Babylonia in the Late Achaemenid and Early Hellenistic periods, ca. 480-300 BC /</subfield>
         <subfield code="r">Hackl, Johannes -- Pirngruber, Reinhard --</subfield>
         <subfield code="t">Climate, war and economic development: the case of second-century BC Babylon / Huijs, Joost --</subfield>
         <subfield code="r">Pirngruber, Reinhard --</subfield>
         <subfield code="r">Leeuwen, Bas van --</subfield>
         <subfield code="t">Mediterranean grain prices in classical antiquity /</subfield>
         <subfield code="r">Rathbone, Dominic --</subfield>
         <subfield code="r">Reden, Sitta von --</subfield>
         <subfield code="t">Soldiers and booze : the rise and decline of a Roman market economy in north-western Europe /</subfield>
         <subfield code="r">Buringh, Eltjo --</subfield>
         <subfield code="r">Bosker, Maarten.</subfield>
         <subfield code="g">Part 3.</subfield>
         <subfield code="t">Market performance from the Middle Ages to the nineteenth century.</subfield>
         <subfield code="t">Price volatility and markets in late medieval and early modern Europe /</subfield>
         <subfield code="r">Bateman, Victoria --</subfield>
         <subfield code="t">Markets and Price Fluctuations in England and Ireland, 1785-1913 /</subfield>
         <subfield code="r">Kennedy, Liam --</subfield>
         <subfield code="r">Solar, Peter --</subfield>
         <subfield code="t">Market integration in China, AD 960-1644 /</subfield>
         <subfield code="r">Guanglin, Liu --</subfield>
         <subfield code="t">The organization and scope of grain markets in Qing China, 1644-1911 --</subfield>
         <subfield code="r">Shiue, Carol H.</subfield>
      </datafield>
      <datafield tag="505" ind1="0" ind2="0">
         <subfield code="g">Part 4.</subfield>
         <subfield code="t">Markets and money.</subfield>
         <subfield code="t">The circulation of coins in Syria and Mesopotamia in the sixth to first centuries BC /</subfield>
         <subfield code="r">Duyrat, Frédérique --</subfield>
         <subfield code="t">A frog’s eye view of the Roman market : the Batavian case /</subfield>
         <subfield code="r">Aarts, Joris --</subfield>
         <subfield code="t">The circulation of money and the behaviour of prices in medieval and early modern England /</subfield>
         <subfield code="r">Mayhew, Nick --</subfield>
         <subfield code="t">Money supply and the price mechanism : the interaction of money, prices and wages in Beijing in the long nineteenth century /</subfield>
         <subfield code="r">Kaixiang Peng.</subfield>
         <subfield code="g">Part 5.</subfield>
         <subfield code="t">Long-term patterns.</subfield>
         <subfield code="t">Risk aversion and storage in autarkic societies : from Babylonian times until the era of globalization /</subfield>
         <subfield code="r">Foldvari, Peter --</subfield>
         <subfield code="r">Leeuwen, Bas van --</subfield>
         <subfield code="t">Growing silver and changing prices : the development of the money stock in ancient Babylonia and medieval England /</subfield>
         <subfield code="r">Spek, R.J. van der --</subfield>
         <subfield code="r">Foldvari, Peter --</subfield>
         <subfield code="r">Leeuwen, Bas van --</subfield>
         <subfield code="t">Long-run patterns in market performance in the Near East, the Mediterranean and Europe from Antiquity to c. AD 1800 /</subfield>
         <subfield code="r">Leeuwen, Bas van --</subfield>
         <subfield code="r">Foldvari, Peter --</subfield>
         <subfield code="r">Zanden, Jan Luiten van --</subfield>
         <subfield code="g">Part 6.</subfield>
         <subfield code="t">Conclusion.</subfield>
         <subfield code="t">Markets from Babylon to Belfast : some concluding remarks /</subfield>
         <subfield code="r">Spek, R.J. van der --</subfield>
         <subfield code="r">Leeuwen, Bas van --</subfield>
         <subfield code="r">Zanden, Jan Luiten van.</subfield>
         <subfield code="g">Appendix.</subfield>
         <subfield code="t">Monthly prices in Babylon (grams of silver per 100 litres and per mina (0.5 kg)).</subfield>
      </datafield>
      <datafield tag="520" ind1=" " ind2=" ">
         <subfield code="a">"This exciting new volume examines the development of market performance from Antiquity until the dawn of the Industrial Revolution. Efficient market structures are agreed by most economists to serve as evidence of economic prosperity, and to be prerequisites for further economic growth. However, this is the first study to examine market performance as a whole, over such a large time period. Presenting a hitherto unknown and inaccessible corpus of data from ancient Babylonia, this international set of contributors are for the first time able to offer an in-depth study of market performance over a period of 2,500 years. The contributions focus on the market of staple crops, as they were crucial goods in these societies. Over this entire period, all papers provide a similar conceptual and methodological framework resting on a common definition of market performance combined with qualitative and quantitative analyses resting on new and improved price data. In this way, the book is able to combine analysis of the Babylonian period with similar work on the Roman, Early-and Late Medieval and Early Modern period. Bringing together input from assyriologists, ancient historians, economic historians and economists, this volume will be crucial reading for all those with an interest in ancient history, economic history and economics."--</subfield>
         <subfield code="c">Provided by publisher.</subfield>
      </datafield>
      <datafield tag="650" ind1=" " ind2="0">
         <subfield code="a">Markets</subfield>
         <subfield code="x">History.</subfield>
      </datafield>
      <datafield tag="650" ind1=" " ind2="0">
         <subfield code="a">Economics</subfield>
         <subfield code="x">History.</subfield>
      </datafield>
      <datafield tag="650" ind1=" " ind2="7">
         <subfield code="a">BUSINESS &amp; ECONOMICS</subfield>
         <subfield code="x">General.</subfield>
         <subfield code="2">bisacsh</subfield>
      </datafield>
      <datafield tag="650" ind1=" " ind2="7">
         <subfield code="a">BUSINESS &amp; ECONOMICS</subfield>
         <subfield code="x">Economic History.</subfield>
         <subfield code="2">bisacsh</subfield>
      </datafield>
      <datafield tag="650" ind1=" " ind2="7">
         <subfield code="a">HISTORY</subfield>
         <subfield code="x">Ancient</subfield>
         <subfield code="x">General.</subfield>
         <subfield code="2">bisacsh</subfield>
      </datafield>
      <datafield tag="650" ind1=" " ind2="7">
         <subfield code="a">Economics.</subfield>
         <subfield code="2">fast</subfield>
         <subfield code="0">(OCoLC)fst00902116</subfield>
      </datafield>
      <datafield tag="650" ind1=" " ind2="7">
         <subfield code="a">Markets.</subfield>
         <subfield code="2">fast</subfield>
         <subfield code="0">(OCoLC)fst01010316</subfield>
      </datafield>
      <datafield tag="655" ind1=" " ind2="7">
         <subfield code="a">History.</subfield>
         <subfield code="2">fast</subfield>
         <subfield code="0">(OCoLC)fst01411628</subfield>
      </datafield>
      <datafield tag="700" ind1="1" ind2=" ">
         <subfield code="a">Spek, R. J. van der</subfield>
         <subfield code="e">editor.</subfield>
      </datafield>
      <datafield tag="700" ind1="1" ind2=" ">
         <subfield code="a">Leeuwen, Bas van,</subfield>
         <subfield code="e">editor.</subfield>
      </datafield>
      <datafield tag="700" ind1="1" ind2=" ">
         <subfield code="a">Zanden, J. L. van</subfield>
         <subfield code="e">editor.</subfield>
      </datafield>
      <datafield tag="830" ind1=" " ind2="0">
         <subfield code="a">Routledge explorations in economic history ;</subfield>
         <subfield code="v">68.</subfield>
      </datafield>
      <datafield tag="994" ind1=" " ind2=" ">
         <subfield code="a">Z0</subfield>
         <subfield code="b">ZYU</subfield>
      </datafield>
      <datafield tag="OWN" ind1=" " ind2=" ">
         <subfield code="a">GENERAL</subfield>
      </datafield>
      <datafield tag="AVA" ind1=" " ind2=" ">
         <subfield code="a">NYU50</subfield>
         <subfield code="b">NISAW</subfield>
         <subfield code="c">Small Collection</subfield>
         <subfield code="d">HF5470 .H57 2015</subfield>
         <subfield code="e">available</subfield>
         <subfield code="t">Available</subfield>
         <subfield code="f">1</subfield>
         <subfield code="g">0</subfield>
         <subfield code="h">N</subfield>
         <subfield code="i">0</subfield>
         <subfield code="j">SMALL</subfield>
         <subfield code="k">0</subfield>
      </datafield>
      <marc:datafield tag="852" ind1=" " ind2=" ">
         <marc:subfield code="b">Institute for the Study of the Ancient World, </marc:subfield>
         <marc:subfield code="c">Small Collection</marc:subfield>
         <marc:subfield code="e">15 East 84th St., </marc:subfield>
         <marc:subfield code="e">New York, NY  10028</marc:subfield>
      </marc:datafield>
   </record>