
  
  
  
  
  
 
  
  <record xsi:schemaLocation="http://www.loc.gov/MARC21/slim http://www.loc.gov/standards/marcxml/schema/MARC21slim.xsd">
      <leader>00000cam  22006134a 4500</leader>
      <controlfield tag="FMT">BK</controlfield>
      <controlfield tag="LDR">00000cam  22006134a 4500</controlfield>
      <controlfield tag="001">004039884</controlfield>
      <controlfield tag="003">OCoLC</controlfield>
      <controlfield tag="005">20140929125249.0</controlfield>
      <controlfield tag="008">140929s2008    cc abf        000 0 chi</controlfield>
      <datafield tag="010" ind1=" " ind2=" ">
         <subfield code="a">2008433038</subfield>
      </datafield>
      <datafield tag="020" ind1=" " ind2=" ">
         <subfield code="a">9787030214065</subfield>
      </datafield>
      <datafield tag="020" ind1=" " ind2=" ">
         <subfield code="a">7030214064</subfield>
      </datafield>
      <datafield tag="035" ind1=" " ind2=" ">
         <subfield code="a">(OCoLC)247093791</subfield>
         <subfield code="z">(OCoLC)251129442</subfield>
      </datafield>
      <datafield tag="040" ind1=" " ind2=" ">
         <subfield code="a">DLC</subfield>
         <subfield code="b">eng</subfield>
         <subfield code="c">DLC</subfield>
         <subfield code="d">NUI</subfield>
         <subfield code="d">CNPIT</subfield>
         <subfield code="d">PAU</subfield>
         <subfield code="d">OCLCA</subfield>
         <subfield code="d">OCLCF</subfield>
         <subfield code="d">OCLCO</subfield>
         <subfield code="d">ZYU</subfield>
         <subfield code="d">NNU</subfield>
      </datafield>
      <datafield tag="041" ind1="0" ind2=" ">
         <subfield code="a">chi</subfield>
         <subfield code="b">eng</subfield>
      </datafield>
      <datafield tag="043" ind1=" " ind2=" ">
         <subfield code="a">a-cc-kn</subfield>
      </datafield>
      <datafield tag="050" ind1="0" ind2="0">
         <subfield code="a">DS797.32.Z446</subfield>
         <subfield code="b">Z444 2008</subfield>
      </datafield>
      <datafield tag="066" ind1=" " ind2=" ">
         <subfield code="c">$1</subfield>
      </datafield>
      <datafield tag="245" ind1="0" ind2="0">
         <subfield code="6">880-01</subfield>
         <subfield code="a">Zhaoqing gu mu /</subfield>
         <subfield code="c">Guangdong Sheng wen wu kao gu yan jiu suo bian zhu.</subfield>
      </datafield>
      <datafield tag="250" ind1=" " ind2=" ">
         <subfield code="6">880-02</subfield>
         <subfield code="a">Di 1 ban.</subfield>
      </datafield>
      <datafield tag="260" ind1=" " ind2=" ">
         <subfield code="6">880-03</subfield>
         <subfield code="a">Beijing :</subfield>
         <subfield code="b">Ke xue chu ban she,</subfield>
         <subfield code="c">2008.</subfield>
      </datafield>
      <datafield tag="300" ind1=" " ind2=" ">
         <subfield code="a">xi, 141 p., [70] p. of plates :</subfield>
         <subfield code="b">ill. (some col.), maps,</subfield>
         <subfield code="c">29 cm.</subfield>
      </datafield>
      <datafield tag="546" ind1=" " ind2=" ">
         <subfield code="a">Abstract also in English.</subfield>
      </datafield>
      <datafield tag="520" ind1=" " ind2=" ">
         <subfield code="6">880-04</subfield>
         <subfield code="a">Ben shu shi 2004-2006 nian zai Zhaoqing Diqu de Zhaoqingg Shi, Sihui Shi, Guangning Xian fa jue de 17 zuo mu zang ji 3 kou shui jing he 2 zuo hui keng de zong he bao gao. Nian dai fen bie wei Zhanguo, Han dai, Dong Jin, Nan chao, Tang dai he Song dai. Zhe pi zi liao zhong you tao qi, you tao qi, ci qi, tong qi he hua shi qi deng.</subfield>
      </datafield>
      <datafield tag="650" ind1=" " ind2="0">
         <subfield code="a">Tombs</subfield>
         <subfield code="6">880-05</subfield>
         <subfield code="z">China</subfield>
         <subfield code="z">Zhaoqing Shi.</subfield>
      </datafield>
      <datafield tag="650" ind1=" " ind2="0">
         <subfield code="6">880-06</subfield>
         <subfield code="a">Excavations (Archaeology)</subfield>
         <subfield code="z">China</subfield>
         <subfield code="z">Zhaoqing Shi.</subfield>
      </datafield>
      <datafield tag="651" ind1=" " ind2="0">
         <subfield code="a">Zhaoqing Shi (China)</subfield>
         <subfield code="6">880-07</subfield>
         <subfield code="x">Antiquities.</subfield>
      </datafield>
      <datafield tag="650" ind1=" " ind2="7">
         <subfield code="a">Antiquities.</subfield>
         <subfield code="2">fast</subfield>
         <subfield code="0">(OCoLC)fst00810745</subfield>
      </datafield>
      <datafield tag="650" ind1=" " ind2="7">
         <subfield code="a">Excavations (Archaeology)</subfield>
         <subfield code="2">fast</subfield>
         <subfield code="0">(OCoLC)fst00917564</subfield>
      </datafield>
      <datafield tag="650" ind1=" " ind2="7">
         <subfield code="a">Tombs.</subfield>
         <subfield code="2">fast</subfield>
         <subfield code="0">(OCoLC)fst01152439</subfield>
      </datafield>
      <datafield tag="651" ind1=" " ind2="7">
         <subfield code="a">China</subfield>
         <subfield code="z">Zhaoqing Shi.</subfield>
         <subfield code="2">fast</subfield>
         <subfield code="0">(OCoLC)fst01220836</subfield>
      </datafield>
      <datafield tag="710" ind1="2" ind2=" ">
         <subfield code="a">Guangdong Sheng wen wu kao gu yan jiu suo</subfield>
         <subfield code="6">880-08</subfield>
      </datafield>
      <datafield tag="776" ind1="0" ind2="8">
         <subfield code="i">Online version:</subfield>
         <subfield code="t">Zhaoqing gu mu.</subfield>
         <subfield code="b">Di 1 ban.</subfield>
         <subfield code="d">Beijing : Ke xue chu ban she, 2008</subfield>
         <subfield code="w">(OCoLC)682378800</subfield>
      </datafield>
      <datafield tag="880" ind1="0" ind2="0">
         <subfield code="6">245-01/</subfield>
         <subfield code="a">肇庆古墓 /</subfield>
         <subfield code="c">广东省文物考古研究所编著.</subfield>
      </datafield>
      <datafield tag="880" ind1=" " ind2=" ">
         <subfield code="6">250-02/</subfield>
         <subfield code="a">第1版.</subfield>
      </datafield>
      <datafield tag="880" ind1=" " ind2=" ">
         <subfield code="6">260-03/</subfield>
         <subfield code="a">北京 :</subfield>
         <subfield code="b">科学出版社,</subfield>
         <subfield code="c">2008.</subfield>
      </datafield>
      <datafield tag="880" ind1=" " ind2=" ">
         <subfield code="6">520-04/</subfield>
         <subfield code="a">本书是2004-2006年在肇庆地区的肇庆市、四会市、广宁县发掘的17座墓葬及3口水井和2座灰坑的综合报告。年代分别为战国、汉代、东晋、南朝、唐代和宋代。这批资料中有陶器、釉陶器、瓷器、铜器和滑石器等。</subfield>
      </datafield>
      <datafield tag="880" ind1=" " ind2="4">
         <subfield code="6">650-05/</subfield>
         <subfield code="a">Tombs</subfield>
         <subfield code="z">China</subfield>
         <subfield code="z">肇庆市</subfield>
      </datafield>
      <datafield tag="880" ind1=" " ind2="4">
         <subfield code="6">650-06/</subfield>
         <subfield code="a">Excavations (Archaeology)</subfield>
         <subfield code="z">China</subfield>
         <subfield code="z">肇庆市.</subfield>
      </datafield>
      <datafield tag="880" ind1=" " ind2="4">
         <subfield code="6">651-07/</subfield>
         <subfield code="a">肇庆市 (China)</subfield>
         <subfield code="x">Antiquities.</subfield>
      </datafield>
      <datafield tag="880" ind1="2" ind2=" ">
         <subfield code="6">710-08/</subfield>
         <subfield code="a">广东省文物考古研究所.</subfield>
      </datafield>
      <datafield tag="994" ind1=" " ind2=" ">
         <subfield code="a">Z0</subfield>
         <subfield code="b">ZYU</subfield>
      </datafield>
      <datafield tag="OWN" ind1=" " ind2=" ">
         <subfield code="a">GENERAL</subfield>
      </datafield>
      <datafield tag="AVA" ind1=" " ind2=" ">
         <subfield code="a">NYU50</subfield>
         <subfield code="b">NISAW</subfield>
         <subfield code="c">Large Collection</subfield>
         <subfield code="d">DS797.32.Z446 Z444 2008</subfield>
         <subfield code="e">available</subfield>
         <subfield code="t">Available</subfield>
         <subfield code="f">1</subfield>
         <subfield code="g">0</subfield>
         <subfield code="h">N</subfield>
         <subfield code="i">0</subfield>
         <subfield code="j">LARGE</subfield>
         <subfield code="k">0</subfield>
      </datafield>
      <marc:datafield tag="852" ind1=" " ind2=" ">
         <marc:subfield code="b">Institute for the Study of the Ancient World, </marc:subfield>
         <marc:subfield code="c">Large Collection</marc:subfield>
         <marc:subfield code="e">15 East 84th St., </marc:subfield>
         <marc:subfield code="e">New York, NY  10028</marc:subfield>
      </marc:datafield>
   </record>