
  
  
  
  
  
  
 
  
  <record xsi:schemaLocation="http://www.loc.gov/MARC21/slim http://www.loc.gov/standards/marcxml/schema/MARC21slim.xsd">
      <leader>00000cam  2200361 a 4500</leader>
      <controlfield tag="FMT">BK</controlfield>
      <controlfield tag="LDR">00000cam  2200361 a 4500</controlfield>
      <controlfield tag="001">004039944</controlfield>
      <controlfield tag="003">OCoLC</controlfield>
      <controlfield tag="005">20140929160839.0</controlfield>
      <controlfield tag="008">140929s2008    gw       b    001 0 ger d</controlfield>
      <datafield tag="020" ind1=" " ind2=" ">
         <subfield code="a">9783406573460 (pbk.)</subfield>
      </datafield>
      <datafield tag="020" ind1=" " ind2=" ">
         <subfield code="a">3406573460 (pbk.)</subfield>
      </datafield>
      <datafield tag="035" ind1=" " ind2=" ">
         <subfield code="a">(OCoLC)695034903</subfield>
      </datafield>
      <datafield tag="040" ind1=" " ind2=" ">
         <subfield code="a">FDA</subfield>
         <subfield code="c">FDA</subfield>
         <subfield code="d">OCLCF</subfield>
         <subfield code="d">NNU</subfield>
      </datafield>
      <datafield tag="041" ind1="1" ind2=" ">
         <subfield code="a">ger</subfield>
         <subfield code="h">eng</subfield>
      </datafield>
      <datafield tag="050" ind1=" " ind2="4">
         <subfield code="a">BQ4012</subfield>
         <subfield code="b">.W6715 2008</subfield>
      </datafield>
      <datafield tag="130" ind1="0" ind2=" ">
         <subfield code="a">World of Buddhism.</subfield>
         <subfield code="l">German</subfield>
      </datafield>
      <datafield tag="245" ind1="1" ind2="4">
         <subfield code="a">Der Buddhismus :</subfield>
         <subfield code="b">Geschichte und Gegenwart /</subfield>
         <subfield code="c">herausgegeben von Heinz Bechert und Richard Gombrich ; mit Beiträgen von Heinz Bechert ... [et al.].</subfield>
      </datafield>
      <datafield tag="250" ind1=" " ind2=" ">
         <subfield code="a">3. Auflage in der Beck'schen Reihe</subfield>
      </datafield>
      <datafield tag="260" ind1=" " ind2=" ">
         <subfield code="a">München :</subfield>
         <subfield code="b">C.H. Beck,</subfield>
         <subfield code="c">2008.</subfield>
      </datafield>
      <datafield tag="300" ind1=" " ind2=" ">
         <subfield code="a">400 p. ;</subfield>
         <subfield code="c">20 cm.</subfield>
      </datafield>
      <datafield tag="490" ind1="1" ind2=" ">
         <subfield code="a">Beck'schen Reihe,</subfield>
         <subfield code="x">1932-2005 ;</subfield>
         <subfield code="v">1338</subfield>
      </datafield>
      <datafield tag="546" ind1=" " ind2=" ">
         <subfield code="a">Translated from the English.</subfield>
      </datafield>
      <datafield tag="500" ind1=" " ind2=" ">
         <subfield code="a">Originally published in English as The World of Buddhism : Thames and Hudson, 1984.</subfield>
      </datafield>
      <datafield tag="504" ind1=" " ind2=" ">
         <subfield code="a">Includes bibliographical references (p. [372]-382) and index.</subfield>
      </datafield>
      <datafield tag="505" ind1="0" ind2="0">
         <subfield code="t">Hinweise zur Orthographie und Umschrift --</subfield>
         <subfield code="t">Zur Aussprache des Tibetischen /</subfield>
         <subfield code="r">Per Kvaerne --</subfield>
         <subfield code="t">Vorwort /</subfield>
         <subfield code="r">Heinz Bechert --</subfield>
         <subfield code="t">Einleitung :</subfield>
         <subfield code="t">der Buddhismus als Weltreligion /</subfield>
         <subfield code="r">Richard Gombrich --</subfield>
         <subfield code="t">Der Weg zur Erleuchtung.</subfield>
         <subfield code="t">Der Buddha, Seine Lehre und Seine Gemeinde /</subfield>
         <subfield code="r">Étienne Lamotte --</subfield>
         <subfield code="t">Die Tradition des indischen Buddhismus.</subfield>
         <subfield code="t">Der Buddhismus im alten und mittelalterlichen Indien ;</subfield>
         <subfield code="t">Buddhistische Kultur in Zentralasien und Afghanistan /</subfield>
         <subfield code="r">Oskar von Hinüber ;</subfield>
         <subfield code="t">Nepal :</subfield>
         <subfield code="t">das Weiterleben des indischen Buddhismus in einem Himalaya-Reich /</subfield>
         <subfield code="r">Siegfried Lienhard --</subfield>
         <subfield code="t">Der Theravāda-Buddhismus.</subfield>
         <subfield code="t">"Sie werden die Herren der Insel sein" :</subfield>
         <subfield code="t">Buddhismus in Sri Lanka /</subfield>
         <subfield code="r">Michael B. Carrithers ;</subfield>
         <subfield code="t">"Das Lieblingsvolk Buddhas" :</subfield>
         <subfield code="t">Buddhisten in Birma /</subfield>
         <subfield code="r">Heinz Bechert ;</subfield>
         <subfield code="t">"Der Weg der Mönche und der Weg der Welt" :</subfield>
         <subfield code="t">der Buddhismus in Thailand, Laos und Kambodscha /</subfield>
         <subfield code="r">Jane Bunnag --</subfield>
         <subfield code="t">Der Buddhismus in Ostasien.</subfield>
         <subfield code="t">Buddhismus in China, Korea und Vietnam /</subfield>
         <subfield code="r">Erik Zürcher ;</subfield>
         <subfield code="t">"Tariki-Hongan und Jiriki" :</subfield>
         <subfield code="t">Erlösung durch Glauben und Selbstbefreiung durch Einsicht im Buddhismus Japans /</subfield>
         <subfield code="r">Robert K. Heinemann --</subfield>
         <subfield code="t">Der Tibetische Buddhismus.</subfield>
         <subfield code="t">Aufstieg und Untergang einer klösterlichen Tradition /</subfield>
         <subfield code="r">Per Kvaerne --</subfield>
         <subfield code="t">Der Buddhismus in der modernen Welt.</subfield>
         <subfield code="t">Die Erneuerung des asiatischen und die Entstehung des abendländischen Buddhismus /</subfield>
         <subfield code="r">Heinz Bechert.</subfield>
      </datafield>
      <datafield tag="650" ind1=" " ind2="0">
         <subfield code="a">Buddhism.</subfield>
      </datafield>
      <datafield tag="650" ind1=" " ind2="7">
         <subfield code="a">Buddhism.</subfield>
         <subfield code="2">fast</subfield>
         <subfield code="0">(OCoLC)fst00840028</subfield>
      </datafield>
      <datafield tag="700" ind1="1" ind2=" ">
         <subfield code="a">Bechert, Heinz,</subfield>
         <subfield code="d">1932-2005</subfield>
         <subfield code="e">editor.</subfield>
      </datafield>
      <datafield tag="700" ind1="1" ind2=" ">
         <subfield code="a">Gombrich, Richard F.</subfield>
         <subfield code="q">(Richard Francis),</subfield>
         <subfield code="d">1937-</subfield>
         <subfield code="e">editor.</subfield>
      </datafield>
      <datafield tag="787" ind1="0" ind2="8">
         <subfield code="t">World of Buddhism.</subfield>
         <subfield code="d">London : Thames and Hudson, c1984</subfield>
         <subfield code="z">0500250898</subfield>
         <subfield code="w">(OCoLC)59150769</subfield>
      </datafield>
      <datafield tag="830" ind1=" " ind2="0">
         <subfield code="a">Beck'sche Reihe ;</subfield>
         <subfield code="v">1338.</subfield>
      </datafield>
      <datafield tag="994" ind1=" " ind2=" ">
         <subfield code="a">Z0</subfield>
         <subfield code="b">ZYU</subfield>
      </datafield>
      <datafield tag="OWN" ind1=" " ind2=" ">
         <subfield code="a">GENERAL</subfield>
      </datafield>
      <datafield tag="AVA" ind1=" " ind2=" ">
         <subfield code="a">NYU50</subfield>
         <subfield code="b">NISAW</subfield>
         <subfield code="c">Small Collection</subfield>
         <subfield code="d">BQ4012 .W6715 2008</subfield>
         <subfield code="e">available</subfield>
         <subfield code="t">Available</subfield>
         <subfield code="f">1</subfield>
         <subfield code="g">0</subfield>
         <subfield code="h">N</subfield>
         <subfield code="i">0</subfield>
         <subfield code="j">SMALL</subfield>
         <subfield code="k">0</subfield>
      </datafield>
      <marc:datafield tag="852" ind1=" " ind2=" ">
         <marc:subfield code="b">Institute for the Study of the Ancient World, </marc:subfield>
         <marc:subfield code="c">Small Collection</marc:subfield>
         <marc:subfield code="e">15 East 84th St., </marc:subfield>
         <marc:subfield code="e">New York, NY  10028</marc:subfield>
      </marc:datafield>
   </record>