
  
  
  
  
  
  
 
  
  <record xsi:schemaLocation="http://www.loc.gov/MARC21/slim http://www.loc.gov/standards/marcxml/schema/MARC21slim.xsd">
      <leader>00000cam  2200721 a 4500</leader>
      <controlfield tag="FMT">BK</controlfield>
      <controlfield tag="LDR">00000cam  2200721 a 4500</controlfield>
      <controlfield tag="001">004040204</controlfield>
      <controlfield tag="003">OCoLC</controlfield>
      <controlfield tag="005">20140930104813.0</controlfield>
      <controlfield tag="008">140930s2000    cc ab    b    000 0 chi d</controlfield>
      <datafield tag="010" ind1=" " ind2=" ">
         <subfield code="a">2009409205</subfield>
      </datafield>
      <datafield tag="020" ind1=" " ind2=" ">
         <subfield code="a">7030086457</subfield>
      </datafield>
      <datafield tag="020" ind1=" " ind2=" ">
         <subfield code="a">9787030086457</subfield>
      </datafield>
      <datafield tag="035" ind1=" " ind2=" ">
         <subfield code="a">(OCoLC)46899667</subfield>
         <subfield code="z">(OCoLC)47819054</subfield>
      </datafield>
      <datafield tag="040" ind1=" " ind2=" ">
         <subfield code="a">ICU</subfield>
         <subfield code="b">eng</subfield>
         <subfield code="c">CGU</subfield>
         <subfield code="d">DLC</subfield>
         <subfield code="d">CALIS</subfield>
         <subfield code="d">OCLCF</subfield>
         <subfield code="d">ZYU</subfield>
         <subfield code="d">NNU</subfield>
      </datafield>
      <datafield tag="041" ind1="0" ind2=" ">
         <subfield code="a">chi</subfield>
         <subfield code="b">eng</subfield>
         <subfield code="f">eng</subfield>
      </datafield>
      <datafield tag="042" ind1=" " ind2=" ">
         <subfield code="a">lccopycat</subfield>
      </datafield>
      <datafield tag="043" ind1=" " ind2=" ">
         <subfield code="a">a-cc-sp</subfield>
      </datafield>
      <datafield tag="050" ind1="0" ind2="0">
         <subfield code="a">DS793.S4</subfield>
         <subfield code="b">G36 2000</subfield>
      </datafield>
      <datafield tag="050" ind1=" " ind2="4">
         <subfield code="a">DS793.H5</subfield>
         <subfield code="b">J562 2000</subfield>
      </datafield>
      <datafield tag="066" ind1=" " ind2=" ">
         <subfield code="c">$1</subfield>
      </datafield>
      <datafield tag="100" ind1="1" ind2=" ">
         <subfield code="a">Gao, Guangren,</subfield>
         <subfield code="d">1932-</subfield>
         <subfield code="6">880-01</subfield>
      </datafield>
      <datafield tag="245" ind1="1" ind2="0">
         <subfield code="6">880-02</subfield>
         <subfield code="a">Haidai qu xian Qin kao gu lun ji /</subfield>
         <subfield code="c">Gao Guangren zhu.</subfield>
      </datafield>
      <datafield tag="246" ind1="1" ind2="5">
         <subfield code="a">Treatises on archaeology of the Haidai region in pre-Qin times</subfield>
      </datafield>
      <datafield tag="250" ind1=" " ind2=" ">
         <subfield code="6">880-03</subfield>
         <subfield code="a">Di 1 ban.</subfield>
      </datafield>
      <datafield tag="260" ind1=" " ind2=" ">
         <subfield code="6">880-04</subfield>
         <subfield code="a">Beijing Shi :</subfield>
         <subfield code="b">Ke xue chu ban she,</subfield>
         <subfield code="c">2000.</subfield>
      </datafield>
      <datafield tag="300" ind1=" " ind2=" ">
         <subfield code="a">x, 341 p. :</subfield>
         <subfield code="b">ill., maps ;</subfield>
         <subfield code="c">27 cm.</subfield>
      </datafield>
      <datafield tag="500" ind1=" " ind2=" ">
         <subfield code="a">Includes bibliographical references.</subfield>
      </datafield>
      <datafield tag="546" ind1=" " ind2=" ">
         <subfield code="a">Table of contents also in English; added title page and abstract in English.</subfield>
      </datafield>
      <datafield tag="504" ind1=" " ind2=" ">
         <subfield code="a">Includes bibliographical references.</subfield>
      </datafield>
      <datafield tag="505" ind1="0" ind2="0">
         <subfield code="6">880-05</subfield>
         <subfield code="t">Haidai qu xian Qin kao gu zong lun = Comprehensive studies on archaeology of the Haidai Region in pre-Qin times --</subfield>
         <subfield code="t">Beixin wen hua, Dawenkou wen hua yan jiu = Studies of the Beixin, Dawenkou Culture --</subfield>
         <subfield code="t">Haidai Longshan wen hua, Yueshi wen hua yan jiu = Studies of the Haidai Longshan and Yueshi Cultures --</subfield>
         <subfield code="t">Haidai qu Shang, Zhou, Qin kao gu yan jiu = Archaeological studies of the Haidai Region in the Shang, Zhou and Qin periods --</subfield>
         <subfield code="t">Zhuan ti yan jiu = Monographic studies --</subfield>
         <subfield code="t">Wen hua yu huan jing guan xi de kao gu xue yan jiu = Archaeological studies of the relationship between culture and environment</subfield>
      </datafield>
      <datafield tag="520" ind1=" " ind2=" ">
         <subfield code="6">880-06</subfield>
         <subfield code="a">Ben lun ji shi zuo zhe cong shi Haidai qu (Bo Hai, Huang Hai, Tai Shang, Huai He gu dao suo biao shi de li shi wen hua qu) kao gu jin 40 nian de zhu yao yan jiu cheng guo.</subfield>
      </datafield>
      <datafield tag="651" ind1=" " ind2="0">
         <subfield code="a">Shandong Sheng (China)</subfield>
         <subfield code="6">880-07</subfield>
         <subfield code="x">Antiquities.</subfield>
      </datafield>
      <datafield tag="651" ind1=" " ind2="0">
         <subfield code="a">China</subfield>
         <subfield code="x">History</subfield>
         <subfield code="y">To 221 B.C.</subfield>
      </datafield>
      <datafield tag="650" ind1=" " ind2="7">
         <subfield code="a">Antiquities.</subfield>
         <subfield code="2">fast</subfield>
         <subfield code="0">(OCoLC)fst00810745</subfield>
      </datafield>
      <datafield tag="651" ind1=" " ind2="7">
         <subfield code="a">China.</subfield>
         <subfield code="2">fast</subfield>
         <subfield code="0">(OCoLC)fst01206073</subfield>
      </datafield>
      <datafield tag="651" ind1=" " ind2="7">
         <subfield code="a">China</subfield>
         <subfield code="z">Shandong Sheng.</subfield>
         <subfield code="2">fast</subfield>
         <subfield code="0">(OCoLC)fst01211057</subfield>
      </datafield>
      <datafield tag="648" ind1=" " ind2="7">
         <subfield code="a">To 221 B.C.</subfield>
         <subfield code="2">fast</subfield>
      </datafield>
      <datafield tag="655" ind1=" " ind2="7">
         <subfield code="a">History.</subfield>
         <subfield code="2">fast</subfield>
         <subfield code="0">(OCoLC)fst01411628</subfield>
      </datafield>
      <datafield tag="880" ind1="1" ind2=" ">
         <subfield code="6">100-01/</subfield>
         <subfield code="a">高广仁,</subfield>
         <subfield code="d">1932-</subfield>
      </datafield>
      <datafield tag="880" ind1="1" ind2="0">
         <subfield code="6">245-02/</subfield>
         <subfield code="a">海岱区先秦考古论集 /</subfield>
         <subfield code="c">高广仁著.</subfield>
      </datafield>
      <datafield tag="880" ind1=" " ind2=" ">
         <subfield code="6">250-03/</subfield>
         <subfield code="a">第1版.</subfield>
      </datafield>
      <datafield tag="880" ind1=" " ind2=" ">
         <subfield code="6">260-04/</subfield>
         <subfield code="a">北京市 :</subfield>
         <subfield code="b">科学出版社,</subfield>
         <subfield code="c">2000.</subfield>
      </datafield>
      <datafield tag="880" ind1="0" ind2="0">
         <subfield code="6">505-05/</subfield>
         <subfield code="t">海岱区先秦考古综论 = Comprehensive studies on archaeology of the Haidai Region in pre-Qin times --</subfield>
         <subfield code="t">北辛文化，大汶口文化研究 = Studies of the Beixin, Dawenkou Culture --</subfield>
         <subfield code="t">海岱龙山文化，岳石文化研究 = Studies of the Haidai Longshan and Yueshi Cultures --</subfield>
         <subfield code="t">海岱区商，周，秦考古研究 = Archaeological studies of the Haidai Region in the Shang, Zhou and Qin periods --</subfield>
         <subfield code="t">专题研究 = Monographic studies --</subfield>
         <subfield code="t">文化与环境关系的考古学研究 = Archaeological studies of the relationship between culture and environment</subfield>
      </datafield>
      <datafield tag="880" ind1=" " ind2=" ">
         <subfield code="6">520-06/</subfield>
         <subfield code="a">本论集是作者从事海岱区（渤海，黄海，泰山，淮河古道所标示的历史文化区）考古近40年的主要研究成果.</subfield>
      </datafield>
      <datafield tag="880" ind1=" " ind2="4">
         <subfield code="6">651-07/</subfield>
         <subfield code="a">山东省(China)</subfield>
         <subfield code="x">Antiquities.</subfield>
      </datafield>
      <datafield tag="994" ind1=" " ind2=" ">
         <subfield code="a">Z0</subfield>
         <subfield code="b">ZYU</subfield>
      </datafield>
      <datafield tag="OWN" ind1=" " ind2=" ">
         <subfield code="a">GENERAL</subfield>
      </datafield>
      <datafield tag="987" ind1=" " ind2=" ">
         <subfield code="a">PINYIN</subfield>
         <subfield code="b">ICU-FE</subfield>
         <subfield code="d">c</subfield>
      </datafield>
      <datafield tag="AVA" ind1=" " ind2=" ">
         <subfield code="a">NYU50</subfield>
         <subfield code="b">NISAW</subfield>
         <subfield code="c">Small Collection</subfield>
         <subfield code="d">DS793.H5 J562 2000</subfield>
         <subfield code="e">available</subfield>
         <subfield code="t">Available</subfield>
         <subfield code="f">1</subfield>
         <subfield code="g">0</subfield>
         <subfield code="h">N</subfield>
         <subfield code="i">0</subfield>
         <subfield code="j">SMALL</subfield>
         <subfield code="k">0</subfield>
      </datafield>
      <marc:datafield tag="852" ind1=" " ind2=" ">
         <marc:subfield code="b">Institute for the Study of the Ancient World, </marc:subfield>
         <marc:subfield code="c">Small Collection</marc:subfield>
         <marc:subfield code="e">15 East 84th St., </marc:subfield>
         <marc:subfield code="e">New York, NY  10028</marc:subfield>
      </marc:datafield>
   </record>